2400 3856
131 192 171 252 66
498 200 527 247 o.
545 201 640 248 annu
657 199 808 248 saeuum

132 355 357 434 appellantium,
380 354 433 414 sed
456 364 485 415 et
509 363 677 431 argumenta
697 371 792 413 rerum
814 352 937 427 docent,
961 368 1019 410 uon
1039 352 1134 411 solum

134 441 202 519 quia
216 439 283 496 talis
306 438 398 514 ligura
421 438 552 497 omnibus
576 440 619 496 sui
635 437 765 514 partibus
785 436 881 512 vergit
898 436 926 493 in
942 453 1011 494 sese
1027 453 1062 495 ac
1078 435 1134 494 sibi

133 525 196 601 ipsa
214 522 366 581 toleranda
384 530 430 581 est
445 540 537 600 seque
555 521 672 580 includit
688 529 718 580 et
735 521 862 579 continet
884 517 1025 579 nullarum
1041 536 1134 595 egens

134 607 307 684 conpagium
323 621 378 663 nec
398 605 483 664 linem
505 614 552 664 aut
573 606 681 663 initium
703 604 769 663 ullis
786 603 829 661 sui
846 600 977 680 partibus
993 604 1134 677 sentiens,

133 707 189 749 neo
206 693 273 767 qula
288 691 324 748 ad
341 696 462 764 motum,
488 705 546 767 quo
562 687 683 747 subinde
704 687 779 746 verti
802 703 870 745 mox
885 684 1055 764 adparebit,
1068 685 1157 745 talisa

134 773 280 852 aptissima
297 781 358 846 est,
386 772 440 832 sed
456 771 605 849 oculorum
621 787 737 850 quoque
754 769 945 847 probatione,
970 769 1049 847 quod
1066 785 1135 828 con·

132 874 225 916 vexus
246 855 416 935 mediusque
438 873 619 934 quacumque
643 861 793 929 cernatur,
818 871 882 913 cum
898 852 927 912 id
948 852 1084 912 accidere
1108 854 1136 911 in

133 941 189 1001 alia
204 956 261 999 uon
276 940 370 1017 possit
385 938 487 1016 ligura.
729 980 732 986 .

104 1032 121 1085 6
195 1022 224 1084 3.
243 1021 305 1103 (3.)
318 1021 399 1081 Hauc
411 1038 484 1097 ergo
499 1021 619 1082 formam
631 1023 694 1081 eius
706 1029 827 1080 aeterno
841 1028 869 1079 et
880 1021 1044 1099 inrequieto
1056 1018 1135 1079 amb-

133 1109 189 1182 itu,
216 1104 401 1165 inenarrabili
426 1104 594 1180 celeritate,
617 1105 717 1182 viginti
740 1111 875 1182 quattuor
890 1103 1024 1163 horarum
1041 1104 1134 1181 spatio
1146 1126 1159 1166 n

133 1189 291 1265 circumagi
309 1188 382 1248 solis
396 1195 536 1248 exortuus
552 1192 582 1244 et
598 1202 737 1246 occasuus
748 1187 816 1246 haut
838 1186 954 1247 dubium
974 1187 1134 1264 reliquere.

132 1272 179 1335 An
196 1274 233 1331 sit
250 1273 396 1331 inmensus
414 1280 444 1330 et
459 1271 528 1332 ideo
544 1289 659 1330 sensum
676 1271 786 1332 aurium
801 1270 950 1331 excedens
965 1278 1062 1330 tantae
1074 1287 1135 1330 mo·

132 1356 169 1415 lis
191 1364 304 1416 rotatae
324 1356 468 1432 vertigine
493 1355 612 1415 adsidua
638 1356 747 1414 sonitus
763 1371 821 1413 non
837 1355 971 1432 equidem
987 1353 1076 1414 facilc
1095 1353 1136 1413 di·

133 1439 236 1515 xerim,
252 1455 321 1514 non,
336 1437 476 1513 Hercule,
492 1439 585 1516 magis
601 1457 684 1517 quam
702 1440 939 1496 circumactorum
955 1437 1038 1497 simul
1053 1438 1136 1496 tinni-

133 1532 179 1583 tus
197 1523 323 1582 siderum
346 1538 475 1600 suosque
495 1523 673 1582 volventium
690 1521 778 1580 orbes
798 1538 833 1579 an
855 1520 947 1581 dulcis
975 1520 1090 1601 quidam
1107 1530 1156 1582 etr

133 1605 298 1665 incredibili
315 1607 456 1667 suavitate
475 1615 644 1665 concentus.
675 1604 760 1663 nobis
775 1600 824 1683 qui
841 1605 916 1663 intus
932 1606 1043 1682 agimus
1058 1605 1137 1664 iuxta

105 1689 238 1754 ‘ldiebus
255 1689 447 1768 noctibusque
469 1692 573 1750 taoitus
596 1688 702 1748 labitur
717 1688 847 1748 mundus.
879 1687 955 1747 Esse
972 1690 1136 1748 innumeras

133 1774 161 1846 ei
179 1773 296 1850 efligies
314 1773 474 1833 animalium
493 1790 647 1852 rerumque
664 1781 828 1832 cunctarum
850 1773 1000 1850 inpressas
1016 1789 1090 1847 nec,
1108 1781 1138 1831 ut

133 1858 161 1914 in
176 1855 327 1916 uolucrum
345 1866 476 1916 notamus
493 1859 572 1932 ovis,
607 1856 727 1917 levitate
754 1856 888 1915 continua
910 1855 1052 1914 lubricum
1070 1872 1135 1915 cor·

36 1993 39 1997 .
133 1958 197 2017 pus,
215 1940 293 2017 quod
310 1941 462 1999 clarissimi
484 1950 620 2000 auctores
642 1942 760 2013 dixere,
783 1957 879 1998 rerum
901 1939 1079 2016 argumentis
1095 1940 1159 1998 ina

133 2023 262 2096 dicatur,
281 2025 415 2100 quoniam
433 2024 499 2083 inde
518 2024 649 2083 deciduis
667 2041 762 2081 rerum
780 2024 903 2082 omnium
919 2021 1079 2083 seminibus
1095 2023 1135 2081 in·

132 2122 280 2179 numerae,
297 2107 325 2163 in
341 2108 411 2166 mari
426 2107 601 2185 praecipue,
618 2123 652 2164 ac
667 2105 839 2185 plerumque
858 2105 986 2165 confusis
1002 2107 1136 2166 monstri·

129 2187 206 2247 lucae
229 2189 382 2264 gignantur
405 2189 537 2266 eflugies,
563 2198 718 2268 praeterea
733 2189 834 2249 visum
845 2189 1038 2269 probatione,
1066 2189 1136 2250 alibi

132 2271 202 2347 ursi,
226 2273 298 2331 tauri
322 2272 408 2348 alibi,
432 2274 501 2333 alibi
517 2274 633 2332 litterae
649 2272 757 2349 ligura,
783 2273 950 2333 candidiore
967 2273 1063 2334 medio
1081 2292 1136 2352 per

103 2356 271 2418 &verticem
291 2357 411 2416 circulo.
442 2358 471 2417 4.
489 2356 631 2436 Equidem
649 2364 677 2415 et
694 2373 838 2416 consensu
855 2358 984 2434 gentium
998 2373 1157 2416 moveom

132 2456 195 2498 narn
212 2458 298 2518 quern
316 2437 427 2517 κόσμον
442 2440 548 2501 Graeci
564 2441 677 2500 nomine
694 2441 853 2500 ornamenti
866 2440 1058 2519 appellavere
1070 2459 1136 2501 eum

133 2530 162 2580 et
183 2539 237 2581 nos
263 2542 279 2582 a
305 2525 438 2601 perlecta
461 2524 653 2604 absolutaque
681 2524 826 2602 elegantia
848 2524 989 2584 mundum.
1023 2524 1136 2584 caelum

133 2605 248 2682 quidem
264 2605 331 2665 haut
347 2601 434 2666 dubie¹
451 2607 555 2668 caelati
570 2616 739 2685 argumento
756 2609 894 2681 diximus,
917 2616 947 2667 ut
962 2608 1135 2686 interpreta-

99 2695 177 2755 9tur
197 2685 234 2743 M.
257 2686 362 2746 Varro.
396 2688 521 2749 Adiuvat
547 2709 643 2750 rerum
669 2690 742 2750 ordo
770 2691 919 2768 descripto
945 2690 1057 2751 circulo
1087 2691 1135 2769 qui

132 2768 254 2845 signifer
274 2779 397 2830 vocatur
422 2773 450 2830 in
472 2771 626 2832 duodecim
643 2774 804 2855 animalium
821 2774 937 2851 efligies
953 2782 983 2833 et
997 2792 1053 2853 per
1068 2774 1159 2834 illasa

130 2851 204 2911 solis
212 2866 332 2910 curauus
345 2867 509 2928 congruens
519 2864 561 2915 tot
577 2857 703 2916 saeculis
719 2858 803 2916 ratio.

88 2953 123 3007 10
194 2937 223 2996 5.
243 2937 305 3019 (4.)
319 2939 382 2999 Ν66
393 2938 430 2997 de
443 2937 596 2999 elementis
610 2940 697 3000 video
714 2941 838 3001 dubitari
850 2949 984 3021 quattuor
999 2959 1069 3000 esse
1088 2959 1132 3001 ea.

130 3021 237 3098 ignium
251 3039 397 3096 summum,
414 3023 481 3082 inde
493 3031 536 3082 tot
551 3023 698 3083 stellarum
712 3024 780 3084 illos
793 3025 1004 3084 conlucentium
1019 3026 1133 3100 oculos,

130 3122 299 3182 proxumum
312 3105 460 3185 spirituus,
475 3124 560 3184 quem
578 3105 683 3167 Graeci
697 3109 846 3187 nostrique
863 3108 967 3168 eodem
985 3108 1133 3168 vocabulo

131 3206 199 3249 aera
216 3189 381 3269 appellant,
405 3189 522 3250 vitalem
543 3190 618 3250 huno
635 3200 664 3250 et
680 3211 734 3270 per
750 3201 853 3252 cuncta
867 3210 962 3251 rerum
978 3191 1158 3255 meabilema

130 3281 251 3352 totoque
269 3284 442 3335 consertum.
464 3273 546 3333 huius
561 3276 590 3332 vi
607 3293 776 3354 suspensam
793 3294 856 3335 cum
873 3284 976 3354 quarto
994 3293 1134 3355 aquarum

89 3362 121 3418 ll
131 3355 277 3417 elemento
295 3358 395 3419 librari
416 3357 512 3418 medio
536 3359 610 3436 spati
636 3359 780 3418 tellurem.
816 3358 858 3419 lta
873 3367 970 3418 mutuo
986 3358 1134 3437 conplexu

131 3437 307 3502 diversitatis
329 3443 407 3504 ellici
432 3460 536 3503 nexum
558 3450 587 3501 et
614 3443 690 3503 leuia
713 3437 894 3520 ponderibus
921 3441 1047 3503 inhiberi
1076 3459 1135 3523 quo
