2400 3856
141 166 204 231 258
491 174 522 222 o.
540 176 636 222 emur
656 174 804 223 sucuuor

142 337 234 396 cuitus
251 352 305 411 per
317 333 416 391 sinuus
431 329 526 391 dictos
540 330 692 390 abeodem
707 331 831 391 exordio
842 332 955 409 colligit
971 332 1007 392 ad
1017 332 1157 396 Maeotim

142 419 333 562 lacumFth
351 415 433 475 v1111
446 415 502 474 mil.
521 432 672 493 passuum,
688 413 891 476 Artemidorus
906 416 992 477 adicit
1008 417 1155 480 uocum

141 502 212 579 mil,
228 504 237 562 1
260 521 305 563 em
322 519 384 560 cum
402 499 549 560 Maeotide
573 501 717 581 ffixssvq
739 496 792 559 XG
809 499 838 559 M
856 519 991 579 passuum
1009 521 1081 563 esse
1100 514 1155 566 tra-

91 592 142 643 208
153 587 233 647 didit.
263 586 341 645 llaec
354 592 400 644 est
410 602 544 645 mensura
560 585 710 643 inermium
721 592 751 643 et
766 593 866 662 pacata
877 584 995 647 audacia
1009 587 1156 649 fortunam

142 672 362 751 provocantium
387 668 542 728 bominum.
581 686 656 727 nuuc
682 669 809 746 ipsarum
836 670 959 747 partium
984 673 1183 748 magnitudot

142 754 364 834 comparabitur,
380 762 534 831 utcumque
550 752 746 813 difficultatem
762 752 877 813 adferet
894 762 1042 814 auctorum
1058 756 1154 817 diver·

142 842 231 916 sitas,
254 838 403 918 aptissime
419 846 515 897 tamen
531 837 711 915 spectabitur
726 836 761 896 ad
777 834 987 913 longitudinem
1001 838 1154 901 latitudine

142 923 246 984 addita.
288 930 334 982 est
359 940 431 998 ergo
459 922 494 981 ad
515 922 572 981 boc
594 922 806 999 praescriptum
828 920 964 1000 Europae
986 925 1154 1001 magnitudo

141 1011 268 1091 ffiiffq
289 1005 396 1066 XLllll
419 1006 478 1066 mil.
508 1024 651 1084 passuum.
692 1004 811 1065 Alricae
832 1005 879 1083 (ut
899 1005 993 1066 media
1013 1026 1053 1066 ex
1076 1011 1153 1069 omni

142 1096 285 1153 varietate
307 1089 492 1166 prodentium
519 1098 646 1149 sumatur
667 1091 853 1168 conputatio)
884 1090 974 1149 eflicit
999 1090 1153 1168 longitudo
1166 1110 1186 1148 ro

145 1180 284 1260 ffivffq
306 1172 429 1233 XGVlll
448 1173 518 1249 mil,
540 1171 677 1248 latitudo,
701 1192 756 1252 qua
778 1173 900 1250 colitur,
924 1191 1065 1253 nusquam
1082 1174 1153 1236 cot

91 1267 142 1317 202
154 1260 232 1319 milia
248 1275 386 1336 passuum
402 1257 527 1317 excedit.
560 1256 613 1317 sed
626 1260 760 1336 quoniam
772 1259 802 1316 in
815 1255 973 1333 Cyrenaica
989 1261 1053 1319 eius
1068 1269 1153 1339 parte

142 1339 300 1404 dccccx
321 1341 428 1401 milium
448 1360 584 1421 passuum
605 1360 668 1401 eam
688 1343 758 1402 lecit
780 1342 927 1420 Agrippa,
949 1341 1070 1403 deserta
1089 1347 1153 1405 eius

143 1428 177 1488 ad
194 1427 378 1487 Garamantas
391 1445 500 1505 usque,
514 1445 569 1505 qua
581 1427 786 1501 noscebantur,
800 1426 1002 1504 conplectens,
1015 1430 1154 1488 universa

142 1531 278 1572 mensura
293 1529 368 1589 quae
384 1513 484 1571 veniet
507 1513 536 1570 in
556 1512 793 1589 conputationem
810 1513 907 1592 {Mffil
921 1508 990 1569 VIM
1005 1511 1065 1571 mil.
1088 1531 1154 1591 pas·
1166 1529 1186 1569 15

143 1616 223 1657 suum
246 1595 343 1656 elficit.
380 1597 470 1655 Asiae
494 1594 645 1672 longitudo
668 1596 697 1654 in
718 1595 856 1654 confesso
880 1602 926 1654 est
946 1597 1006 1677 Ιῖῐξι
1029 1594 1073 1655 111
1092 1596 1151 1657 mil.

141 1678 241 1740 DGGL
257 1698 410 1758 passuum,
427 1679 548 1740 latitudo
564 1698 634 1739 sane
651 1687 827 1757 conputetur
840 1678 875 1737 ab
887 1678 1066 1757 Aethiopico
1081 1682 1152 1740 mari

142 1763 348 1824 Alexandriam
369 1765 448 1823 iuxta
467 1763 563 1822 Nilum
588 1765 689 1839 sitam,
712 1772 742 1822 ut
762 1781 816 1840 per
837 1761 960 1822 Meroen
980 1772 1010 1824 et
1033 1763 1153 1840 Syenen

91 1856 142 1906 210
152 1866 286 1907 mensura
302 1856 413 1925 currat,
430 1850 532 1930 quvvq
548 1846 653 1906 LXXV
675 1847 732 1906 mil.
751 1864 897 1925 passuum.
934 1856 1056 1925 apparet
1078 1866 1152 1926 ergo

142 1932 287 2010 Europam
303 1932 492 2010 paulominus
505 1932 618 1992 dimidia
633 1933 724 1991 Asiae
736 1940 819 2009 parto
833 1931 972 1991 maiorem
987 1950 1152 2010 essequam
1164 1949 1192 1989 ao·

143 2016 259 2093 Asiam,
282 2017 402 2076 eandem
423 2016 518 2075 altero
536 2025 615 2075 tanto
637 2025 666 2075 et
689 2024 772 2075 sexta
792 2023 875 2093 parte
895 2015 1015 2077 Africae
1031 2016 1152 2095 amplio-

142 2117 303 2177 remquam
323 2100 462 2159 Africam.
502 2101 578 2177 quod
599 2101 623 2158 si
644 2103 819 2159 misceantur
839 2117 938 2159 omnes
954 2118 1096 2176 summae,
1119 2100 1151 2158 li-

142 2182 230 2259 quido
246 2183 360 2260 patebit
377 2181 523 2260 Europam
544 2185 633 2242 totius
652 2193 749 2244 terrae
772 2185 885 2243 tertiam
904 2202 971 2244 esse
986 2191 1099 2262 partem
1119 2192 1151 2242 et

143 2275 274 2326 octavam
293 2266 378 2345 paulo
394 2267 533 2346 amplius,
549 2265 648 2326 Asiam
664 2285 736 2326 vero
752 2276 880 2346 quartam
896 2277 926 2328 et
944 2268 1151 2347 quartamdeci-

141 2369 230 2426 mam,
245 2351 375 2411 Alricam
392 2359 488 2411 autem
503 2353 630 2429 quintam
646 2360 676 2411 et
691 2354 812 2429 insuper
828 2354 1049 2429 sexagesimam.
1162 2370 1185 2409 ao

90 2444 138 2493 211
215 2434 300 2514 (39.)
325 2435 376 2494 llis
399 2435 533 2495 addemus
553 2438 704 2496 etiamnum
724 2454 806 2495 unam
822 2433 952 2495 Graecae
972 2438 1149 2496 inventionis

143 2522 316 2579 sententiam
338 2519 386 2579 vel
404 2520 649 2598 exquisitissimae
673 2519 861 2596 subtilitatis,
885 2528 915 2579 ut
935 2518 1006 2579 nibil
1028 2520 1104 2580 desit
1122 2523 1151 2579 iu

141 2603 299 2681 spectando
316 2613 456 2663 terrarum
475 2605 549 2679 situ,
571 2605 761 2683 indicatisque
776 2604 945 2680 regionibus
961 2613 1099 2663 noscatur
1120 2613 1150 2664 et

141 2705 205 2746 cum
220 2706 275 2765 qua
290 2689 394 2765 cuique
409 2687 536 2748 societas
552 2690 589 2746 sit
604 2689 667 2773 sive
683 2689 820 2765 cognatio
838 2688 948 2747 dierum
962 2705 996 2746 ac
1009 2690 1149 2763 noctium,

143 2770 306 2849 quibusque
323 2773 400 2829 inter
416 2791 450 2830 se
468 2790 555 2849 pares
573 2772 691 2832 umbrae
707 2780 736 2831 et
751 2790 841 2850 aequa
857 2771 952 2831 mundi
967 2774 1148 2831 convexitas.
1161 2789 1184 2828 oo

141 2872 213 2931 ergo
241 2853 379 2914 reddetur
399 2852 454 2914 hoc
479 2855 583 2931 etiam,
609 2863 766 2934 terraeque
795 2858 948 2917 universae
968 2857 998 2915 iu
1019 2857 1149 2916 membra

140 2939 213 2998 caeli
229 2938 405 3017 digerentur.

89 3031 140 3081 212
214 3021 263 3084 34.
286 3023 371 3082 Plura
387 3032 453 3083 sunt
468 3032 561 3083 avrtem
579 3033 730 3102 segmenta
750 3023 861 3101 muudi,
887 3043 962 3102 quae
977 3026 1071 3084 nostri
1095 3027 1149 3084 cir·

70 3124 75 3135 ·
140 3107 221 3167 culos
235 3108 435 3186 appellavere,
450 3106 553 3167 Graeci
566 3109 734 3187 parallelos.
761 3108 933 3187 Principium
949 3109 1037 3168 habet
1048 3108 1148 3169 Indiae

140 3210 207 3271 pars
224 3210 311 3252 versa
333 3190 368 3251 ad
383 3202 518 3252 austrum.
548 3202 628 3271 patet
644 3212 735 3270 usque
755 3193 891 3253 Arabiam
910 3202 940 3252 et
955 3192 1046 3252 Rubri
1061 3195 1148 3253 maris
1161 3208 1185 3247 as

140 3275 263 3336 accolas.
303 3277 488 3336 continentur
516 3274 657 3353 Gedrosi,
681 3275 830 3354 Germani,
853 3277 979 3353 Persae,
1003 3274 1147 3353 Elymaei,

139 3358 320 3437 Parthyene,
335 3359 423 3437 Aria,
439 3360 579 3437 Susiane,
600 3360 829 3439 Mesopotamia,
850 3361 984 3421 Seleucia
1000 3362 1147 3438 cognomi-

139 3451 205 3502 nata
222 3444 402 3522 Babylonia,
417 3444 526 3505 Arabia
542 3444 577 3504 ad
592 3445 694 3506 Petras
711 3463 820 3524 usque,
839 3444 924 3522 Syria
939 3442 1048 3523 Goele,
1064 3444 1148 3506 Pelu-
