2400 3856
149 192 190 253 84
531 202 797 249 su1u1sucunp1
842 247 845 252 .

153 375 210 436 quo
225 375 309 415 nemo
324 359 416 433 magis
432 356 638 434 adprobaverit
654 358 856 433 cognationem
868 376 931 417 cum
943 358 1062 418 homine
1072 360 1150 420 side·

149 461 210 501 rum
227 442 393 519 animasque
408 450 521 499 nostras
539 450 648 518 partem
671 459 737 499 esse
756 441 848 515 caeli,
870 458 973 500 novam
990 442 1104 502 stellam
1120 453 1151 503 et

150 525 233 584 aliam
253 526 280 582 in
297 542 371 583 aevo
393 541 445 582 suo
466 525 591 600 genitam
614 523 820 600 deprehendit,
849 527 969 603 eiusque
992 535 1069 584 motu
1092 545 1149 605 qua

150 609 198 667 die
219 608 299 667 lulsit
321 607 356 667 ad
380 607 586 667 dubitationem
610 617 654 666 est
676 607 831 682 adductus,
860 627 932 666 amre
954 608 1011 667 hoc
1030 611 1150 687 saepius

150 693 235 751 lieret
250 701 494 768 moverenturque
517 701 546 751 et
567 709 620 750 eae
637 708 709 769 quas
726 700 856 767 putamus
874 692 992 751 adlixas.
1021 692 1173 772 ideoquea

151 793 236 835 ausus
250 793 314 833 rem
331 776 415 834 etiam
431 775 487 834 deo
503 774 670 851 inprobam,
699 774 887 834 adnumerare
904 777 1031 852 posteris
1049 777 1152 835 stellas

150 852 185 919 ac
201 859 299 918 sidera
316 858 351 917 ad
367 875 472 917 nomen
488 875 658 935 expungere
677 861 793 933 organis
809 860 981 934 excogitatis
1003 877 1057 935 per
1074 877 1150 938 quae

149 942 324 1019 singularum
347 942 414 1000 loca
437 950 525 1019 atque
544 940 753 1017 magnitudines
770 943 912 1019 signaret,
938 952 967 1000 ut
984 942 1071 1002 facile
1092 943 1150 1002 dis·

150 1027 229 1085 cerni
253 1033 354 1101 posset
377 1042 414 1083 ex
437 1041 491 1097 eo,
514 1041 570 1082 non
590 1024 676 1083 modo
698 1043 733 1084 an
753 1025 868 1084 obirent
895 1043 929 1086 ac
947 1036 1150 1102 nascerentur,

149 1108 202 1167 sed
219 1126 254 1166 an
269 1108 383 1166 omnino
393 1107 934 1189 aliquaetransirentmoverenturque,
950 1110 1017 1168 item
1034 1127 1070 1168 an
1086 1127 1149 1167 cre·
1160 1124 1184 1165 ro

150 1200 266 1250 scerent
281 1190 549 1269 minuerenturque,
574 1190 658 1250 caelo
680 1193 708 1250 in
726 1192 888 1251 hereditate
907 1194 1016 1252 cunctis
1032 1192 1148 1268 relicto,

150 1276 174 1332 si
190 1276 339 1353 quisquam
356 1276 405 1353 qui
420 1276 578 1334 cretionem
594 1293 657 1334 eam
676 1285 797 1354 caperet
813 1277 945 1335 inventus
961 1285 1050 1335 esset.

108 1374 143 1430 96
211 1357 296 1436 (25.)
309 1357 440 1418 Emicant
452 1368 481 1417 et
492 1359 580 1419 iaces·
587 1376 644 1417 non
655 1360 709 1417 nisi
722 1378 785 1429 cunr
797 1360 932 1418 decidunt
943 1361 1035 1434 visae,
1055 1359 1149 1436 qualis

150 1440 320 1502 Germanico
339 1438 469 1501 Caesare
486 1442 675 1518 gladiatorum
693 1444 891 1520 spectaculum
907 1444 1013 1502 edente
1030 1452 1150 1519 praeter

150 1542 201 1586 ora
218 1525 319 1603 populi
334 1526 492 1585 meridiano
509 1527 722 1585 transcucurrit.
749 1524 814 1584 Duo
830 1545 940 1602 genera
954 1544 1061 1585 earum.
1079 1525 1148 1586 lam·
1160 1539 1183 1579 m

152 1609 241 1687 padas
254 1618 359 1668 vocant
372 1609 458 1686 plane
468 1608 688 1680 iacemalterum
700 1609 824 1684 bolides,
842 1610 928 1688 quale
941 1608 1151 1668 Mutinensibus

150 1693 233 1752 malis
253 1694 344 1751 visum
367 1701 421 1752 est.
454 1694 556 1769 distant
579 1693 657 1771 quod
680 1692 763 1752 iaces
788 1695 910 1770 vestigia
934 1691 1020 1770 longa
1043 1693 1151 1752 iaciunt

151 1778 249 1854 priore
266 1777 385 1836 ardente
402 1786 501 1854 parte,
525 1777 602 1836 boiis
616 1794 688 1836 vero
705 1786 847 1854 perpetua
863 1777 968 1838 ardens
986 1777 1150 1852 longiorem

149 1860 233 1919 trahit
249 1860 376 1919 limitem.

210 1943 294 2020 (26.)
310 1942 441 2003 Emicant
458 1943 601 2002 attrahes
618 1945 702 2003 simili
718 1945 814 2020 modo,
831 1962 902 2024 quus
915 1936 1020 2015 δοκοὺς
1033 1950 1183 2019 vocant,ao

151 2025 244 2102 qualis
259 2044 322 2084 cum
337 2025 558 2086 Lacedaemonii
574 2026 670 2086 classe
681 2029 750 2087 victi
763 2030 912 2104 imperium
925 2027 1067 2088 Graeciae
1081 2027 1148 2086 arni·

152 2126 228 2166 sere.
262 2107 307 2165 Fit
325 2117 353 2165 et
370 2108 447 2168 caeli
462 2110 553 2183 ipsius
568 2108 670 2182 hiatus,
687 2112 765 2188 quod
781 2121 888 2171 vocant
904 2111 1030 2170 chasma.

109 2195 142 2250 97
211 2189 260 2250 27.
285 2187 365 2269 (27.)
384 2191 427 2250 Fit
449 2201 478 2248 et
493 2197 651 2268 sanguinea
666 2197 768 2271 specie
782 2203 824 2271 et,
835 2212 892 2273 quo
906 2194 974 2255 nihil
992 2194 1150 2254 terribilius

151 2275 311 2333 mortalium
327 2275 420 2333 timori
437 2283 491 2349 est,
513 2277 674 2336 incendium
690 2279 725 2337 ad
740 2288 834 2338 terras
853 2279 960 2337 cadens
975 2274 1059 2352 iude,
1077 2279 1150 2338 sicut

152 2357 331 2436 Olympiadis
348 2357 434 2417 GVll.
455 2376 528 2418 anuo
547 2361 643 2436 tertio,
661 2379 746 2439 quum
761 2380 814 2421 rex
831 2361 980 2439 Philippus
996 2359 1181 2422 Graeciam²⁵

152 2451 292 2520 quateret.
316 2442 412 2521 Atque
428 2460 485 2519 ego
500 2443 573 2503 haec
592 2447 672 2504 statis
687 2445 866 2522 temporibus
878 2455 996 2504 naturae
1008 2454 1038 2504 ut
1051 2455 1151 2505 cetera

47 2551 50 2557 ·
152 2526 276 2584 arbitror
298 2528 453 2600 existere,
478 2544 550 2601 non,
575 2536 603 2586 ut
627 2528 773 2607 plerique,
796 2530 883 2588 variis
907 2530 943 2588 de
967 2529 1063 2588 causis
1078 2546 1150 2607 quas

152 2610 330 2682 ingeniorum
353 2628 473 2668 acumen
500 2613 656 2686 excogitat.
691 2614 801 2690 quippe
829 2615 984 2688 ingentium
1010 2611 1150 2672 maiorum

152 2690 234 2747 luere
252 2693 429 2765 praenuntia,
447 2692 499 2750 sed
518 2712 553 2751 ea
571 2695 713 2753 accidisse
730 2713 786 2754 non
809 2697 876 2774 quia
897 2696 971 2755 haec
992 2695 1150 2755 factasunt

152 2771 292 2847 arbitror,
314 2791 414 2831 verum
431 2773 505 2832 haec
520 2775 586 2834 ideo
602 2777 678 2836 iacta
694 2779 760 2856 quia
776 2781 908 2838 incasura
925 2788 1005 2837 erant
1021 2777 1080 2838 illa.
1104 2794 1180 2838 rato

151 2856 236 2914 ritate
250 2865 343 2914 autern
354 2855 496 2915 occultam
510 2875 608 2917 eorum
621 2878 687 2918 esse
702 2863 851 2936 rationem,
868 2863 993 2940 ideoque
1007 2878 1065 2921 non
1076 2863 1150 2921 sicut

153 2947 291 2998 exortuus
308 2956 394 3014 supra
412 2936 506 2997 dictos
523 2938 734 3018 delectuusque
751 2952 782 3001 et
796 2945 885 3004 multa
898 2943 953 3003 alia
972 2946 1065 3006 nosci.

109 3037 145 3091 98
214 3021 263 3081 28.
277 3020 361 3099 (28.)
376 3019 535 3080 Gernuntur
547 3033 575 3082 et
591 3024 694 3084 stellae
713 3044 775 3086 cum
792 3027 855 3085 sole
871 3028 939 3086 totis
953 3027 1068 3102 diebus,
1086 3028 1147 3105 ple·

152 3124 271 3183 rumque
296 3114 325 3164 et
348 3100 427 3163 circ‘a
450 3104 522 3163 solis
544 3107 645 3167 orbem
662 3127 715 3168 ceu
732 3111 851 3187 spiceae
869 3127 995 3170 coronae
1012 3119 1042 3169 et
1055 3111 1147 3170 versi·

152 3189 270 3248 colores
294 3188 410 3262 circuli,
434 3188 558 3266 qualiter
574 3190 704 3266 Augusto
721 3191 849 3252 Caesare
875 3196 902 3251 in
926 3195 1016 3271 prima
1034 3193 1177 3254 iuuentae

152 3271 251 3332 urbem
268 3274 388 3331 intrante
405 3281 471 3349 post
486 3272 592 3333 obitum
609 3277 697 3350 patris
712 3277 748 3335 ad
760 3294 865 3345 nomen
876 3278 977 3353 ingens
989 3294 1146 3353 capessen-

152 3353 226 3412 dum.
249 3355 299 3415 29.
328 3356 459 3415 Existunt
474 3356 596 3415 eaedem
613 3373 739 3418 coronae
756 3361 833 3419 circa
848 3359 942 3421 lunam
957 3369 987 3420 et
1003 3361 1081 3423 circa
1095 3375 1145 3419 no·

152 3434 220 3496 bilia
235 3447 311 3498 astra
329 3439 472 3517 caeloque
489 3439 676 3502 inhaerentia.
