2400 3856
276 104 356 153 unu.
375 104 464 153 nrs'r.
483 105 530 152 vr.
547 98 665 150 25-26.
687 89 836 174 (aa-30)
998 88 1059 151 241

54 257 208 339 Caphrena
223 260 374 335 munitum,
397 258 537 336 quondam
558 258 714 319 stadiorum
734 257 812 319 LXX
831 257 1015 337 amplitudine
1032 267 1062 330 et

54 353 234 421 satraparum
247 344 330 419 regia
343 342 517 420 appellatum
524 386 534 419 ,
546 360 601 420 quo
616 343 721 402 tributa
732 343 969 416 conserebantur,
987 361 1061 402 nunc

52 430 82 486 in
109 445 205 487 arcem
227 425 381 486 redactum.
422 426 546 502 Durant,
572 434 602 484 ut
629 426 729 503 luere,
757 425 886 486 Thebeta
909 435 939 485 et
964 425 1050 485 ductu
1064 433 1114 484 120

53 511 173 588 Pompei
195 507 291 586 Magni
313 511 451 568 terminus
467 508 588 568 Romani
608 511 712 587 imperi
727 509 853 585 Oruros,
874 508 1062 586 aZeugmate

18 607 32 648 a
55 591 125 653 CCL
141 593 256 653 milibus
271 611 415 670 passuum.
455 593 526 652 Sunt
547 596 594 670 qui
618 592 731 653 tradunt
746 592 914 672 Euphraten
938 592 1061 653 Gabaris

56 677 196 756 praelecti
212 695 303 754 opere
321 676 481 753 diductum,
504 677 551 736 ubi
574 696 641 736 esse
663 677 802 751 diximus,
819 677 902 753 lindi,
925 696 962 737 ne
979 691 1112 755 prae-rat

56 762 136 839 cipiti
152 779 237 820 cursu
250 758 437 836 Babyloniam
451 760 615 837 infestaret,
635 760 669 819 ab
683 760 814 836 Assyriis
833 779 906 820 vero
919 763 1062 820 universis

55 843 230 924 appellatum
246 843 449 921 Narmalchan,
472 845 549 923 quod
570 845 713 922 significat
732 847 844 922 regium
866 845 980 904 flumen.
1009 861 1064 921 qua

55 929 202 988 derivatur
215 928 350 1005 oppidum
369 929 423 988 fuit
435 929 560 1007 Agranis
578 930 753 1005 emaximis,
770 928 846 1006 quod
863 928 979 989 diruere
996 927 1064 986 Per·

15 1026 41 1066 ro
56 1031 116 1071 sae.
147 1011 277 1087 Babylon
295 1008 510 1073 chaldaicarum
531 1014 659 1090 gentium
676 1021 763 1091 caput
784 1013 830 1072 diu
847 1030 981 1073 summam
997 1012 1111 1071 cla-121

57 1097 168 1154 ritatem
184 1097 261 1154 inter
278 1095 366 1154 urbes
384 1098 509 1175 optinuit
527 1105 589 1156 toto
605 1097 694 1173 orbe,
715 1106 936 1176 propterquam
952 1095 1065 1173 reliqua
1163 1150 1166 1155 .

56 1197 123 1256 pars
140 1175 371 1255 Mesopotamiae
388 1179 588 1257 Assyriaeque
603 1180 764 1256 babylonia
779 1180 925 1259 appellata
942 1189 998 1256 est,
1014 1178 1064 1239 LX

55 1262 132 1321 milia
152 1279 287 1339 passuum
307 1263 439 1339 amplexa
455 1264 543 1320 muris
566 1262 694 1322 ducenos
711 1265 802 1340 pedes
822 1264 905 1339 altis,
927 1267 1064 1342 quinqua·

55 1363 150 1423 genos
166 1343 243 1420 latis,
261 1345 291 1403 in
307 1345 438 1422 singulos
450 1345 541 1423 pedes
559 1348 650 1405 ternis
666 1345 764 1423 digitis
776 1365 909 1407 mensura
924 1347 1064 1424 ampliore

16 1444 42 1484 15
56 1447 138 1506 quam
157 1435 274 1505 nostra,
296 1428 432 1488 interfluo
455 1429 620 1507 Euphrate,
638 1428 767 1488 ¹mirabili
785 1448 876 1507 opere
898 1430 1063 1507 utrobique.

56 1515 139 1572 durat
153 1511 244 1572 adhuc
259 1512 299 1572 ibi
311 1512 389 1572 lovis
401 1512 464 1574 Beli
483 1512 629 1591 templum.
651 1514 792 1583 inventor
804 1513 851 1572 hic
867 1514 919 1573 luit
931 1512 1065 1573 sideralis

56 1597 204 1656 scientiae.
242 1604 343 1656 cetero
368 1595 403 1656 ad
427 1596 610 1656 solitudinem
634 1598 720 1656 rediit
744 1596 882 1656 exhausta
906 1598 1054 1657 vicinitate
1068 1600 1117 1652 122

57 1679 209 1738 Seleuciae
233 1680 271 1738 ob
287 1679 316 1739 id
337 1680 474 1760 conditae
497 1699 512 1739 a
534 1679 672 1739 Nicatore
693 1681 767 1739 intra
789 1682 1006 1758 nonagesimum
1027 1680 1065 1739 la-

56 1762 152 1841 pidem
171 1763 200 1821 in
221 1762 386 1823 confluente
408 1764 564 1842 Euphratis
586 1764 667 1823 iussa
689 1763 822 1841 perducti
842 1772 928 1842 atque
954 1762 1064 1840 Tigris,

18 1863 43 1903 ao
59 1864 134 1923 quae
150 1854 244 1905 tamen
256 1847 416 1921 babylonia
430 1848 659 1925 cognominatur,
676 1846 768 1907 libera
784 1846 871 1906 hodie
887 1865 921 1906 ac
936 1848 979 1905 sui
996 1848 1066 1905 iuris

57 1929 307 2008 Macedonumque
321 1934 420 1991 moris.
453 1931 550 1991 ierunt
572 1932 599 1991 ei
618 1930 714 2009 plebis
731 1931 856 1990 urbanae
872 1928 923 1990 DC
940 1929 969 1989 M
987 1949 1065 2006 essa,

57 2016 142 2073 situm
166 2032 238 2074 vero
266 2015 410 2075 moenium
436 2014 550 2092 aquilae
575 2015 726 2093 pandentis
748 2015 827 2091 alas,
856 2033 955 2092 agrum
977 2016 1066 2073 totius

57 2098 180 2157 orientis
197 2098 414 2158 fertilissimum.
447 2101 570 2160 invicem
590 2098 624 2158 ad
639 2099 712 2159 hano
726 2098 949 2158 exhauriendam
972 2095 1067 2158 Ctesi·

58 2181 195 2257 phontem
211 2183 288 2240 iuxta
304 2184 418 2242 tertium
431 2184 467 2242 ab
480 2201 515 2242 ea
527 2182 650 2261 lapidem
664 2183 694 2240 in
708 2178 890 2242 chalonitide
908 2182 1067 2240 condidere

18 2281 44 2320 25
58 2261 173 2338 Parthi,
200 2265 276 2340 quod
296 2283 370 2324 nunc
388 2275 473 2342 caput
495 2274 541 2325 est
567 2283 732 2343 regnorum.
772 2274 802 2324 et
822 2273 976 2342 postquam
997 2262 1068 2322 nihil

59 2346 282 2425 proliciebatur,
301 2365 394 2426 nuper
407 2348 575 2425 vologesus
593 2366 645 2407 rex
658 2346 733 2406 aliud
749 2347 884 2425 oppidum
900 2346 1067 2423 Vologese·

59 2438 167 2490 certam
188 2431 216 2489 in
241 2432 336 2491 vicino
357 2432 492 2491 condidit.
532 2431 603 2490 Sunt
624 2431 776 2489 etiamnum
796 2432 824 2489 in
844 2428 1057 2508 Mesopotamia
1069 2432 1120 2484 123

60 2513 166 2592 oppida
181 2512 393 2592 Hipparenum,
416 2513 625 2575 Chaldaeorum
644 2514 775 2573 doctrina
791 2521 821 2573 et
843 2513 900 2573 hoc
924 2515 998 2572 sicut
1016 2513 1068 2572 Ba·

59 2598 165 2674 bylon,
190 2598 268 2657 iuxta
292 2599 407 2658 lluvium
431 2600 478 2678 qai
504 2598 579 2659 cadit
607 2600 636 2657 in
659 2596 832 2675 Narragam,
860 2597 935 2657 unde
959 2597 1069 2656 civitati

21 2697 47 2738 ao
61 2698 173 2741 nornen.
203 2700 300 2742 muros
316 2683 549 2762 Hipparenorum
563 2682 671 2742 Persae
691 2682 819 2746 diruere.
853 2680 980 2741 Orcheni
997 2697 1068 2758 quo-

59 2782 115 2842 que
137 2767 222 2824 tertia
246 2764 455 2827 Chaldaeorum
477 2768 605 2826 doctrina
630 2768 659 2826 in
675 2765 778 2825 eodem
802 2767 859 2825 situ
884 2765 1016 2825 locantur
1035 2763 1080 2823 ad'

59 2848 209 2908 meridiem
223 2853 311 2910 uersi.
346 2851 381 2912 ab
397 2851 441 2910 his
456 2849 579 2910 Notitae.
594 2858 623 2909 et
639 2849 887 2927 Orothophanitae
903 2857 933 2908 et
947 2847 1070 2907 Gnesio-

60 2932 186 2995 chartae.
237 2932 385 3012 Euphrate
425 2937 554 3011 navigari
576 2933 756 3011 babylonem
786 2951 803 2992 e
833 2931 954 2991 Persico
985 2931 1119 3005 maritat

62 3011 217 3074 CCCCXM
235 3014 264 3075 M
286 3036 419 3095 passuum
442 3019 555 3077 tradunt
577 3016 726 3077 Nearchus
751 3024 781 3074 et
796 3014 992 3089 Onesicritus,
1020 3015 1068 3091 qui

21 3115 47 3155 aa
63 3115 134 3157 vero
157 3106 260 3175 postea
282 3106 429 3178 scripsere
452 3101 486 3160 ad
509 3101 672 3161 Seleuciam
695 3096 845 3160 CCCCXL
869 3097 938 3173 mil,
962 3097 1069 3157 lubae

61 3180 211 3257 babylone
228 3179 385 3244 Characem
395 3183 525 3243 CLXXV
535 3185 593 3244 mil.
609 3202 754 3263 passuum.
784 3182 875 3243 liuere
891 3181 978 3259 aliqui
995 3180 1070 3241 ultra

60 3264 208 3341 Eabylona
236 3269 373 3327 continuo
398 3268 500 3341 alveo,
529 3269 693 3346 priusquam
717 3267 884 3327 distrahitur
913 3265 948 3325 ad
976 3266 1069 3341 rigua,

60 3347 224 3408 LXXXVII
245 3349 321 3427 mil,
347 3353 485 3411 universo
504 3360 598 3412 autem
621 3369 707 3411 cursu
726 3352 792 3433 Ῑχ-ιιῙ
812 3349 840 3409 M
861 3367 939 3428 pass.
972 3349 1071 3410 lucon-

129 3464 208 3499 nurnr
227 3465 289 3501 aar.
310 3465 384 3501 rrrsr.
411 3451 433 3501 I.
830 3432 869 3495 16
