2400 3856
285 164 364 210 nnn.
387 165 478 212 ruer.
502 165 540 211 11.
562 160 680 217 31-41,
703 153 843 229 (ar-n.)
1024 150 1065 215 87

52 317 90 378 ad
106 336 184 378 suam
200 319 303 396 cuique
321 327 450 378 naturam
466 319 582 381 fertilis.
616 320 671 380 alia
690 329 755 379 sunt
770 322 798 380 in
813 321 955 398 liquorem
972 321 1062 380 soluti

54 403 163 462 umoris
185 402 325 478 fecunda,
350 402 404 461 alia
422 405 553 463 concreti
569 404 598 462 in
616 406 733 481 pruinas
748 413 796 463 aut
816 407 910 466 coacti
931 406 960 464 in
978 407 1062 464 nives

54 493 104 545 aut
123 486 240 563 glaciati
263 487 292 545 in
307 487 480 563 grandines,
504 487 560 547 alia
577 488 695 564 llatuus‚
718 487 774 547 alia
791 491 919 566 teporis,
936 488 991 548 alia
1014 507 1061 548 va·

54 571 156 647 poris,
177 570 234 629 alia
255 571 351 646 roris,
373 570 428 630 alia
443 573 561 648 rigoris.
592 589 646 631 neo
668 590 739 632 vero
759 572 832 632 haec
854 581 931 631 tanta
953 571 1062 632 debent

30 654 216 717 nexistimari
233 662 336 732 quanta
358 664 530 732 cernuntur,
550 673 613 719 eum
633 674 703 715 csse
726 673 827 715 eorum
841 656 949 715 nullum
968 658 1061 715 minus

54 735 122 797 luna
143 745 200 799 tam
219 739 366 798 inmensae
384 738 542 799 altitudinis
563 740 638 798 ratio
659 739 798 800 declaret.
830 739 923 815 igitur
945 740 1105 799 11000100

54 839 189 899 quaeque
204 831 283 887 motu
297 831 427 881 naturam
443 842 521 883 suam
543 833 702 899 exercent,
725 822 802 902 qnod
816 824 996 882 manifestum
1012 821 1063 883 Sa·

55 908 131 964 turni
157 908 279 964 maxime
309 909 466 966 transituus
494 908 633 966 imbribus
664 909 779 967 iaciunt.
824 926 879 966 nec
908 909 1063 967 meantium

53 989 141 1048 modo
158 989 284 1050 siderum
298 989 371 1050 hacc
387 994 430 1050 vis
447 1000 493 1052 est
509 991 562 1051 sed
576 991 731 1051 multorum
746 993 832 1051 etiam
846 990 1063 1052 adhaerentium

18 1096 45 1137 ro
55 1072 151 1151 caelo,
168 1075 302 1150 quotiens
320 1078 476 1135 errantium
487 1094 608 1137 accessu
628 1076 742 1154 inpulsa
757 1084 805 1135 aut
820 1077 954 1135 coniectu
967 1073 1062 1135 radio·

54 1175 117 1217 rum
135 1158 317 1218 exstimulata
336 1169 418 1233 sunt,
441 1160 566 1237 qualiter
581 1161 611 1218 in
632 1160 740 1220 suculis
762 1161 900 1221 sentimus
916 1159 1062 1235 accidere,

54 1259 125 1319 quas
139 1242 245 1303 Graeci
259 1244 296 1303 ob
309 1241 337 1302 id
349 1242 575 1320 pluvionomine
587 1242 743 1320 appellant.
767 1246 835 1322 quin
850 1252 880 1303 et
892 1262 944 1303 sua
955 1252 1061 1322 sponte

55 1325 195 1403 qua'edam
210 1327 351 1402 statisque
365 1326 556 1402 temporibus,
575 1335 605 1386 ut
621 1327 779 1387 haedorum
794 1336 925 1387 exortus.
955 1329 1061 1388 arcturi

54 1426 129 1469 vero
147 1407 225 1468 sidns
244 1427 302 1469 non
317 1409 408 1469 lerme
424 1412 487 1470 sine
503 1410 670 1488 procellosa
686 1411 826 1487 grandine
842 1412 977 1487 emergit.

18 1517 45 1558 us
117 1490 170 1554 40.
190 1491 274 1574 (40.)
299 1492 371 1553 Nam
386 1492 534 1554 caniculae
552 1502 657 1553 exortu
678 1495 796 1554 accendi
819 1494 892 1553 solis
916 1512 1042 1572 vapores
1055 1501 1104 1552 107

55 1579 121 1654 quis
140 1578 273 1654 ignorat,
292 1580 371 1637 ouius
389 1578 495 1637 sideris
511 1577 652 1638 ellectuus
673 1578 840 1655 amplissimi
858 1579 887 1636 in
905 1586 983 1636 terra
998 1596 1064 1637 sen·

54 1658 185 1721 tiuntur?
206 1661 323 1721 lervent
338 1663 426 1720 maria
445 1662 599 1721 exoriente
616 1680 663 1736 eo,
686 1661 824 1722 fluctuant
839 1664 868 1721 in
884 1660 968 1721 cellis
984 1662 1062 1736 vina,

52 1752 208 1805 moventur
225 1754 336 1822 stagna.
369 1764 492 1823 orygem
507 1745 635 1823 appellat
652 1747 807 1823 Aegyptus
828 1747 920 1806 leram
935 1764 1018 1824 quam
1034 1747 1064 1804 in

53 1836 161 1889 exortu
178 1830 241 1888 eius
258 1838 453 1890 contrastare
470 1838 500 1889 et
522 1831 654 1889 contueri
672 1829 759 1889 tradit
779 1847 814 1888 ac
829 1829 910 1888 velut
927 1829 1063 1904 adorare,

16 1931 118 1978 uocum
134 1915 302 1973 sternuerit.
332 1932 419 1974 canes
441 1912 557 1992 quidem
578 1921 642 1974 toto
663 1930 701 1974 eo
718 1914 813 1993 spatio
830 1913 952 1981 maxime
975 1914 1004 1971 in
1020 1930 1063 1972 ra-

53 1998 133 2057 biem
149 1999 196 2074 agi
215 2016 273 2057 non
289 2008 335 2059 est
349 1999 472 2059 dubium.

117 2079 169 2143 41.
192 2080 276 2160 (41.)
300 2080 376 2153 Quin
399 2084 529 2161 partibus
553 2101 670 2162 quoque
695 2085 844 2161 signorum
864 2081 1042 2161 quorundam
1055 2088 1107 2140 108

53 2183 106 2227 sua
122 2166 167 2224 vis
183 2167 277 2240 inest,
299 2176 329 2226 ut
344 2168 497 2228 autumnali
515 2170 701 2245 aequinoctio
717 2169 892 2245 brumaque,
914 2186 978 2226 cum
994 2176 1064 2227 tem·

53 2249 218 2328 pestatibus
241 2251 344 2310 conlici
369 2251 446 2310 sidus
469 2251 683 2330 intellegimus,
713 2270 768 2311 nec
791 2250 932 2312 imbribus
956 2260 1064 2310 tantum

16 2334 339 2410 astempestatibusque
361 2334 414 2393 sed
437 2334 534 2393 multis
556 2343 587 2393 et
613 2353 769 2414 corporum
792 2344 823 2394 ct
847 2336 924 2394 ruris
947 2336 1064 2411 experi-

53 2418 170 2476 mentis.
207 2415 348 2474 adllantur
364 2416 412 2475 alii
431 2417 545 2491 sidere,
562 2416 610 2475 alii
626 2427 836 2477 conmoveutur
852 2418 936 2476 statis
954 2424 1064 2493 tempo-

53 2501 137 2561 ribus
159 2498 244 2571 alvo,
266 2500 382 2574 nervis,
404 2500 516 2576 capite,
533 2508 648 2575 mente,
672 2499 738 2559 olea
757 2507 788 2558 et
801 2499 926 2578 populus
948 2498 1014 2560 alba
1035 2509 1065 2561 ct

54 2583 164 2645 salices
189 2580 318 2640 solstitio
340 2581 410 2641 lolia
436 2583 648 2659 circumagunt,
677 2582 763 2642 lloret
787 2585 852 2660 ipsc
874 2582 995 2643 brumali
1017 2585 1064 2646 die

55 2681 201 2744 suspensa
223 2666 252 2723 in
276 2666 362 2725 tectis
385 2668 494 2726 arentis
515 2666 608 2727 herba
628 2666 724 2745 pulei,
746 2675 914 2746 rumpuntur
935 2669 1064 2730 intentae

15 2774 45 2815 eo
56 2753 162 2832 spiritu
178 2749 372 2814 membranae.
398 2752 519 2812 miretur
532 2751 590 2811 hoc
605 2752 653 2829 qui
669 2768 727 2811 non
743 2752 884 2812 observet
898 2755 1043 2817 cotidiano
1057 2762 1107 2813 100

57 2836 262 2914 experimento
279 2834 398 2895 herbam
414 2853 513 2912 unam,
537 2855 610 2915 quae
625 2845 749 2896 vocatur
769 2836 993 2916 heliotropium,
1016 2839 1064 2899 ab·

57 2930 173 2983 euntem
190 2920 283 2979 solem
297 2920 403 2980 intueri
420 2938 536 2999 semper
551 2921 742 2998 omnibusque
757 2921 838 2981 horis
853 2939 916 2980 oum
932 2938 969 2980 eo
987 2924 1064 2981 verti

54 3004 104 3064 vel
123 3004 223 3063 nubilo
242 3004 442 3065 obumbrante.
471 3007 527 3064 iam
542 3004 657 3082 quidem
673 3005 765 3064 lunari
781 3012 929 3083 potestate
953 3013 1063 3065 ostrea·

58 3106 120 3147 rum
136 3087 413 3165 conchyliorumque
434 3096 464 3148 et
486 3089 658 3148 concharum
680 3091 804 3148 omnium
820 3104 944 3164 corpora
962 3089 1064 3164 augeri

17 3189 90 3233 acac
106 3190 206 3231 rursus
222 3173 326 3247 minui,
351 3173 420 3249 quin
439 3180 468 3231 et
485 3174 610 3231 soricum
628 3173 716 3233 libras
739 3170 922 3251 respondere
944 3190 1063 3231 numero

56 3255 141 3314 lunae
161 3256 349 3331 exquisivere
365 3254 587 3333 diligentiores,
602 3258 804 3336 minimumque
821 3254 943 3333 animal,
963 3257 1062 3315 lormi-

56 3357 127 3414 cam,
144 3339 256 3398 sentire
268 3339 349 3398 vires
361 3338 466 3398 sideris
481 3339 638 3399 interlunio
652 3359 769 3418 semper
784 3347 956 3401 cessantem.
979 3338 1044 3412 Quo
1057 3347 1107 3400 110

58 3424 172 3501 turpior
189 3421 296 3481 homini
313 3423 427 3482 inscitia
440 3431 486 3483 est
500 3424 601 3485 latenti
618 3427 775 3503 praecipue
787 3426 979 3486 iumentorum
995 3443 1065 3504 quo·
