2400 3856
336 204 414 253 nur.
432 205 523 253 ursa.
545 206 593 252 vr.
610 199 728 250 22-23.
749 192 902 271 (aa-25.)
1063 166 1127 253 235

115 355 199 499 pini,
222 375 283 500 nimt
294 357 415 500 intdiem
432 367 480 417 aut
500 358 626 418 interdiu
648 376 794 435 somnum,
816 359 953 502 aedilicii}
965 357 1076 501 moqipe
1089 356 1125 417 ab

116 458 201 600 tt}
217 459 842 605 tit³t.¹.².tt¹¹l‘‚’¹tt..¹tttl'¹¹.litte
856 460 1125 587 bittunt

116 609 213 686 tiaque
228 607 342 670 liberos
358 626 416 669 non
432 607 602 687 habentem,
626 618 656 669 et
673 611 697 670 si
714 619 819 688 postea
839 613 955 688 gignat,
985 609 1125 685 abdicari,

83 702 98 745 o
115 711 152 752 ne
168 692 217 752 liat
232 691 437 753 hereditarium
450 711 580 771 regnum.
607 701 744 753 rectores
759 695 787 753 ei
802 711 818 753 a
833 694 944 773 populo
955 690 1040 753 XXX
1051 691 1124 768 dari,
1141 696 1178 750 th

115 793 170 835 nec
188 777 244 836 nisi
268 775 392 854 plurium
415 778 560 837 sententia
587 794 756 854 quemquam
780 779 883 856 capitis
910 777 1046 837 damnari.
1082 777 1127 834 sic

115 875 233 936 qnoque
256 859 484 938 appellationem
508 879 576 921 esse
595 859 630 919 ad
651 861 799 938 populum.
829 859 908 920 LXX
923 859 1034 919 iudices
1053 858 1124 918 dari.

115 944 139 1001 si
157 942 285 1003 liberent
300 945 320 1003 ii
338 947 436 1020 reum,
451 944 573 1023 amplius
589 945 707 1021 triginta
724 946 759 1002 iis
774 943 879 1003 nullam
895 962 963 1003 asse
981 943 1125 1020 dignatio·

115 1044 196 1103 nem,
213 1028 387 1104 gravissimo
402 1028 524 1106 probro.
558 1024 623 1105 regi
639 1028 744 1087 cultum
762 1026 860 1088 Liberi
882 1027 992 1104 Patris,
1015 1028 1125 1087 ceteris

76 1123 101 1162 10
115 1111 252 1170 Arabum.
283 1129 401 1189 regem,
423 1113 447 1171 si
466 1111 534 1191 quid
551 1113 714 1190 delinquat,
733 1120 828 1171 morte
843 1111 975 1189 multari,
990 1111 1070 1170 nullo
1086 1112 1126 1171 in·
1141 1114 1175 1174 91

115 1203 293 1271 tenemento,
309 1196 512 1256 aversantibus
525 1199 635 1255 cunctis
647 1204 679 1255 et
695 1197 867 1256 commercia
880 1197 967 1256 etiam
981 1196 1125 1256 sermonis

115 1277 303 1355 negantibus,
320 1279 396 1339 festa
408 1281 566 1340 venatione
582 1280 703 1355 absumi,
719 1281 912 1356 gratissimam
924 1297 988 1340 eam
1000 1280 1124 1358 tigribus

115 1360 339 1440 elephantisque
369 1373 514 1424 constare.
550 1380 638 1440 agros
664 1361 822 1440 diligenter
845 1363 922 1439 coli,
946 1365 1015 1423 vitis
1043 1381 1126 1423 usum

114 1462 172 1505 non
188 1464 276 1522 esse,
303 1446 397 1524 pomis
419 1446 573 1507 abundare.
606 1464 674 1526 esse
697 1449 774 1505 etin
798 1448 910 1523 piscatu
932 1446 1124 1525 voluptatem,

76 1541 102 1582 1⁵
116 1530 290 1590 testudinum
311 1532 451 1606 maxime,
476 1547 593 1609 quarum
616 1529 774 1608 superhcie
795 1529 916 1589 familias
938 1528 1126 1591 habitantium

115 1616 251 1692 contegi,
269 1623 345 1673 tanta
361 1615 486 1692 reperiri
503 1613 707 1689 magnitudine.
744 1615 833 1672 vitam
847 1613 992 1673 hominum
1006 1612 1029 1674 (l
1044 1615 1124 1674 annis

114 1697 263 1758 modicam.
296 1697 375 1758 llaec
388 1705 528 1776 conperta
543 1695 581 1756 de
597 1695 779 1775 Taprobane.

176 1778 258 1859 (25.)
280 1779 424 1853 Quattuor
441 1781 586 1859 satrapiae
608 1798 679 1860 quas
702 1782 733 1840 in
753 1781 830 1841 hunc
850 1781 946 1843 locum
964 1780 1124 1841 distulimus
1142 1784 1176 1837 92

115 1865 154 1923 ita
170 1882 203 1924 se
220 1863 335 1925 habent.
584 1873 587 1880 ’
1136 1884 1160 1920 aa

76 1962 103 2002 20
178 1944 228 2009 23.
245 1947 271 2006 A
288 1951 427 2026 proximis
442 1948 515 2011 lndo
530 1950 669 2028 gentibus
684 1959 830 2010 montana.
864 1947 1009 2028 Capisene
1027 1949 1126 2009 habuit

117 2028 251 2111 Capisam
271 2032 372 2093 urbem
394 2051 478 2112 quam
499 2033 586 2093 diruit
605 2032 709 2110 Cyrus.
748 2032 911 2093 Arachosia
929 2052 990 2093 curn
1010 2033 1125 2093 [lumine

116 2124 148 2175 et
171 2116 279 2195 oppido
305 2116 434 2179 eiusdem
460 2120 600 2195 nominis,
634 2118 712 2196 quod
739 2117 852 2196 quidam
884 2114 980 2177 Gutim
1011 2117 1125 2195 dixere,

116 2219 133 2259 a
149 2199 334 2262 Samiramide
349 2201 504 2262 conditum.
538 2204 628 2263 amnis
643 2201 836 2280 Erymanthus
858 2201 1025 2281 praehuens
1040 2200 1126 2263 Para-

117 2283 239 2344 baestan
258 2283 492 2345 Arachosiorum.
536 2285 689 2346 Proximos
710 2288 755 2347 his
774 2305 790 2346 a
811 2287 933 2345 meridie
958 2286 993 2345 ad
1014 2294 1125 2362 partem

81 2381 107 2421 aa
121 2364 331 2425 Arachotarum
350 2367 458 2426 iaciunt
472 2367 697 2443 Dexendrusos,
714 2388 730 2429 a
749 2370 954 2446 septentrione
969 2367 1126 2444 Paropani-

118 2448 211 2525 sidao,
237 2446 358 2509 Cartana
380 2450 515 2527 oppidum
541 2449 595 2509 sub
617 2447 766 2525 Caucaso,
796 2450 873 2526 quod
896 2459 1002 2526 postea
1025 2450 1125 2511 Tetra·

116 2533 203 2610 gonis
229 2531 343 2592 dictum.
392 2532 466 2592 haec
489 2534 575 2610 regio
608 2541 654 2592 est
683 2551 721 2592 ex
745 2532 870 2592 adverso
894 2532 1124 2611 Bactrianorum,

117 2615 222 2676 deinde
239 2618 319 2676 cuius
338 2614 474 2695 oppidum
495 2616 672 2676 Alexandria
693 2634 710 2676 a
729 2616 882 2677 conditore
904 2618 1022 2678 dictum.
1053 2618 1125 2695 Syn·

117 2700 212 2777 draci,
234 2699 397 2778 Dangalae,
417 2699 594 2780 Parapinae,
617 2697 756 2784 Cataces,
782 2699 867 2777 blaai.
905 2701 940 2762 ad
968 2700 1125 2764 Caucasum

77 2799 105 2840 ao
120 2781 252 2860 Cadrusi,
271 2784 406 2862 oppidum
425 2785 461 2844 ab
476 2784 645 2844 Alexandro
661 2785 816 2846 conditum.
847 2786 925 2848 Infra
944 2785 1126 2847 haecomnia
1142 2793 1177 2849 93

119 2885 170 2927 ora
191 2867 227 2927 ab
248 2867 327 2929 lndo.
365 2868 472 2928 Ariana
492 2871 578 2946 regio
600 2870 729 2930 ambusta
751 2872 917 2931 fervoribus
938 2871 1124 2948 desertisque

118 2950 309 3028 circumdata,
334 2952 419 3012 multa
443 2961 538 3013 tamen
559 2954 700 3013 interfusa
724 2957 869 3032 opacitate
898 2952 1029 3014 cultores
1056 2971 1126 3014 ooo·

117 3044 223 3112 gregat
244 3038 320 3096 circa
343 3034 415 3097 duos
437 3039 561 3097 maxime
582 3035 703 3115 fluvios,
726 3038 886 3098 Tonberon
906 3045 938 3095 et
957 3037 1125 3115 Arosapen.

78 3218 104 3258 ³.
118 3119 680 3265 ttlltl..t‡t³tttthl‘⁵¹¹tttt⁸
702 3119 1127 3265 lltlttll‘llt‘lttt

116 3286 426 3431 tttttlllttll
439 3221 794 3433 ”¹¹ltldt0ttt'3lt2’
808 3289 913 3433 {titt
929 3250 1126 3432 hillidii
1142 3379 1178 3432 a

117 3413 279 3533 Ophradud.
310 3453 502 3534 Prophthasia
519 3391 662 3536 oppidurd
673 3391 1128 3555 uiraspadm,orangne,hr13
