2400 3856
343 172 424 219 nnn.
441 173 531 220 mnu.
548 173 585 219 11.
605 170 725 223 12-15.
738 159 874 239 (9—12.)
1089 160 1129 220 75

130 325 282 402 hebetari,
302 343 377 385 nnnc
393 325 428 384 ab
449 342 590 385 oecasnns
606 333 688 403 parte
703 325 761 386 hoe
776 326 803 385 ei
821 327 974 403 accidere,
1002 343 1078 385 nune
1092 325 1128 386 ab

132 418 282 484 exortans,
299 426 419 486 quanam
430 410 555 486 ratione,
576 426 640 467 oum
655 407 727 468 solis
743 418 845 469 exortu
860 409 960 470 umbra
974 408 1024 469 illa
1040 409 1130 469 bebe-

129 493 217 555 tatrix
232 490 286 552 sub
301 500 380 551 terra
395 509 462 551 esse
475 491 592 568 debeat,
611 491 703 551 semel
713 493 768 551 iam
784 493 924 554 acciderit
938 502 969 554 ut
979 493 1008 553 in
1022 510 1130 553 occasu

128 579 197 638 luna
215 575 357 636 deiiceret
374 584 497 655 utroque
520 590 608 653 super
628 583 734 634 terram
756 578 915 654 conspicuo
931 577 1039 636 sidere.
1067 595 1131 637 narn

93 670 162 729 eunt
182 658 239 719 XV
262 658 365 719 diebus
387 667 540 736 utrumqne
567 657 645 717 sidus
669 668 861 737 quaereretur
883 669 912 719 et
935 668 1035 719 nostro
1056 677 1130 719 aevo

127 742 236 804 accidit
252 741 476 822 imperatoribus
490 742 678 820 vespasianis
702 751 785 820 patre
802 741 852 802 ΙΙΙ.
871 742 931 803 filio
946 744 1047 802 iterum
1063 760 1130 803 con·

127 825 251 887 solibus.

192 910 241 970 14.
259 909 343 989 (11.)
362 908 467 968 Lunam
484 926 601 987 semper
616 911 729 969 aversis
744 928 760 969 a
777 910 842 969 sole
861 910 1008 986 cornibus,
1025 911 1050 969 si
1068 918 1175 974 ere-58

128 1002 208 1069 seat,
228 999 328 1052 ortuus
342 990 493 1072 spectare,
524 994 547 1052 si
571 994 728 1070 minuatur,
750 1011 902 1072 occasune,
926 993 995 1053 haut
1018 993 1133 1054 dubium

83 1098 119 1141 ssu
129 1086 185 1139 est.
203 1077 305 1137 lucere
320 1075 475 1136 dodrantes
491 1078 653 1137 semuncias
667 1077 802 1137 horarum
818 1078 854 1136 ab
867 1077 995 1137 secunda
1006 1077 1132 1137 adicien-

127 1171 186 1221 tem
210 1178 303 1239 usque
328 1159 365 1219 ad
386 1159 502 1238 plenum
526 1159 627 1221 orbem
646 1161 903 1241 detrahentemque
919 1163 948 1220 in
963 1160 1132 1222 deminutio·

127 1263 205 1322 nem,
223 1245 298 1304 intra
314 1244 544 1322 quattuordecim
555 1254 650 1304 sutem
659 1253 757 1321 partes
768 1245 839 1304 solis
855 1262 974 1324 semper
989 1245 1133 1306 occultam

128 1346 208 1389 esse.
243 1326 308 1401 Quo
325 1337 495 1403 argumento
512 1327 635 1406 amplior
651 1330 805 1387 errantium
824 1328 971 1388 stellarum
988 1348 1072 1408 quarn
1090 1331 1132 1389 lu·

125 1429 183 1472 nae
198 1409 366 1488 magnitudo
383 1410 539 1488 colligitur,
557 1410 671 1489 qnando
688 1411 755 1470 illae
772 1421 801 1470 et
815 1429 831 1470 a
846 1413 976 1488 septenis
991 1413 1132 1473 interdum

86 1493 259 1574 „partibus
279 1503 438 1572 emergant.
466 1495 519 1555 sed
540 1494 659 1554 altitudo
681 1495 761 1572 cogit
782 1495 909 1553 minores
926 1494 1036 1570 videri,
1058 1497 1133 1556 sicut

126 1577 240 1639 adlixas
255 1577 340 1638 eaelo
356 1578 427 1638 solis
442 1577 558 1654 fulgore
574 1577 698 1637 interdiu
713 1595 770 1637 non
788 1578 886 1652 cerni,
906 1595 970 1637 cnm
986 1594 1081 1656 aeque
1098 1596 1133 1637 ac

125 1669 214 1722 noctu
233 1661 366 1737 luceant,
392 1662 479 1740 idqne
503 1662 684 1720 manifestum
706 1661 754 1721 irat
776 1660 894 1721 deiectu
911 1661 983 1723 solis
1001 1670 1030 1720 et
1046 1678 1131 1740 prae·

125 1745 193 1806 altis
207 1746 314 1823 puteis.

189 1830 238 1889 15.
256 1828 339 1908 (12.)
356 1828 517 1888 Errantium
533 1837 629 1887 autem
646 1837 723 1903 tres,
745 1846 816 1907 quas
838 1846 925 1907 snpra
946 1827 1040 1886 solem
1057 1827 1128 1886 dixi·
1140 1829 1175 1881 59

87 1930 189 1978 aomos
200 1913 281 1987 sitas,
296 1911 477 1973 occultantur
492 1920 623 1972 meantes
636 1930 699 1971 cnm
717 1929 770 1988 eo,
790 1912 957 1971 exoriuntur
975 1926 1047 1970 uero
1070 1901 1173 1986 macl}

123 1996 217 2056 tutino
230 1995 417 2056 discedentes
432 1995 562 2075 partibus
574 2014 726 2074 numquam
739 1996 861 2075 amplius
874 1995 1006 2054 undenis.
1026 2002 1131 2073 postea

123 2079 270 2139 radiorum
285 2079 348 2139 eins
367 2089 502 2140 contactu
518 2089 674 2158 reguntur,
699 2088 728 2140 et
754 2082 783 2141 in
798 2081 941 2159 triquetro
968 2077 1132 2156 apartibus

125 2171 241 2223 centum
265 2163 366 2241 viginti
395 2164 535 2224 stationes
562 2166 712 2225 matutinas
729 2164 854 2239 iaciunt,
884 2181 958 2243 quac
976 2171 1006 2222 et
1021 2164 1131 2240 primae

123 2253 284 2321 vocantur,
305 2262 373 2306 mon
395 2247 424 2305 iu
445 2247 570 2307 adverso
592 2266 608 2307 a
630 2247 760 2325 partibus
777 2255 892 2307 eentum
909 2247 1057 2323 octoginta
1080 2263 1130 2304 ex-

87 2337 226 2395 mortuus
239 2332 435 2409 vespertinos,
444 2331 606 2410 iterumque
622 2333 650 2389 in
669 2341 782 2391 centnm
804 2331 905 2407 viginti
919 2329 955 2388 ab
966 2330 1023 2387 alio
1037 2327 1131 2387 latere

122 2411 1130 2491 adpropinquantesstationesvespertinas‚quasetsecundasvoeant‚

122 2495 222 2556 donec
240 2495 396 2557 adsecutus
412 2497 440 2555 in
456 2496 587 2575 partibus
604 2494 744 2554 duodenis
761 2493 892 2575 occultet
908 2492 990 2566 illas,
1014 2494 1063 2571 qni
1080 2511 1131 2551 ve·

122 2580 246 2658 spertini
262 2595 404 2640 oeoasnns
421 2580 613 2658 appellantur.
634 2575 735 2637 Martis
762 2576 846 2637 stella
862 2584 892 2635 nt
907 2577 1029 2654 propior
1047 2575 1176 2635 edunto

123 2681 162 2721 ex
186 2662 326 2741 quadrato
350 2662 437 2721 sentit
458 2662 575 2736 radios,
603 2678 619 2720 a
647 2661 803 2737 nonaginta
826 2659 974 2739 partibus,
1000 2661 1076 2720 unde
1103 2668 1132 2719 et

87 2763 232 2811 sonomen
255 2747 370 2824 aceepit
390 2754 484 2805 motus
512 2747 620 2824 primus
644 2752 673 2805 et
693 2745 839 2805 secundus
857 2746 1073 2821 nonagenarius
1089 2743 1130 2804 di·

122 2839 187 2890 etus
210 2828 247 2889 ab
267 2838 391 2909 utroque
415 2837 528 2889 exortu.
563 2828 667 2889 eadem
688 2828 849 2889 stationalis
877 2831 956 2888 senis
983 2827 1130 2889 mensibus

122 2922 308 2979 conmoratnr
323 2914 351 2972 in
369 2913 469 2989 signis,
488 2911 596 2991 alioqui
613 2912 775 2987 bimestris,
793 2930 857 2972 curn
873 2921 991 2972 ceterae
1007 2921 1129 2988 utraque

122 2997 248 3058 statione
275 3005 434 3075 quaternos
463 3014 579 3055 menses
600 3012 658 3054 non
681 2994 819 3074 inpleant.
850 2993 1011 3054 Inferiores
1036 2984 1171 3052 autemfil

122 3081 197 3140 duae
210 3080 394 3140 occultantur
408 3080 437 3138 in
453 3081 529 3140 coitu
544 3079 714 3156 vespertino
729 3079 814 3138 simili
829 3078 928 3150 modo,
946 3076 1131 3153 relictaeque

88 3181 139 3233 ssa
157 3163 223 3225 sole
239 3164 360 3223 totidem
376 3162 547 3242 inpartibus
563 3163 818 3222 laeiuutexortnus
830 3162 993 3234 matutinos,
1003 3160 1039 3218 ad
1056 3174 1130 3235 qnos

125 3266 141 3307 a
162 3247 341 3324 longissimis
362 3248 513 3308 distantiae
537 3263 607 3305 suae
628 3245 713 3305 metis
734 3243 827 3303 solem
861 3245 1038 3318 insecuntur,
1081 3240 1130 3300 ad·

125 3340 273 3410 eptaeqne
303 3348 412 3391 occasu
437 3330 573 3391 matutino
598 3327 757 3389 conduntur
783 3343 819 3385 ac
840 3333 1034 3404 praetereunt.
1062 3341 1130 3384 mox

125 3414 231 3475 eodem
247 3414 400 3474 intervallo
417 3431 547 3492 vespere
566 3413 734 3472 exoriuntur
751 3426 844 3487 nsque
862 3407 897 3467 ad
913 3424 985 3486 quos
1004 3408 1125 3468 diximus
1138 3425 1163 3460 ιι
