2400 3856
130 144 170 209 80
517 155 779 204 nemu-sncurvns

130 315 246 388 ardens,
272 321 339 390 post
366 312 496 388 radians,
523 310 569 370 bis
585 311 680 370 causis
698 328 812 371 conexo
824 312 887 372 visu
902 322 932 372 et
944 330 1042 373 earum
1055 331 1129 392 quae

88 398 215 462 socaelc
243 396 432 456 eontinentur.
461 413 584 473 namque
598 394 696 455 modo
722 394 871 456 multitudo
900 396 1031 457 conferta
1056 399 1130 456 inest

133 484 219 542 circa·
230 480 364 542 dimidios
376 479 465 540 orbes
477 479 579 555 lunae,
603 479 718 556 placida
735 489 821 540 nocte
838 479 943 541 leniter
961 481 1129 540 inlustrante

132 584 193 643 eas,
207 564 293 626 modo
307 564 420 638 raritas,
437 573 467 622 ut
478 563 589 640 fugisse
601 561 745 638 miremur,
759 564 916 642 plenilunio
930 564 1130 624 abscondente

16 720 20 727 ¹
131 659 179 711 aut
195 669 259 710 eum
277 648 347 708 solis
363 665 489 726 suprave
508 646 647 707 dictarum
661 646 734 708 radii
750 649 849 707 visunt
864 649 1064 726 perstrinxere
1080 664 1154 712 nou

132 744 218 795 stros.
250 742 279 792 et
300 733 364 812 ipsa
387 740 483 791 autem
503 731 569 791 luna
594 731 785 807 ingruentium
807 732 880 792 solis
899 732 1044 792 radiorum
1064 732 1132 792 baut

133 819 220 879 dubie
242 815 420 878 differentias
446 815 547 889 sentit,
574 813 730 876 hebetante
757 825 857 876 cetero
884 815 1008 877 inflexos
1036 815 1131 875 mundi

133 903 317 963 convexitate
333 916 387 959 eos
407 907 611 977 praeterquam
628 898 675 958 ubi
692 902 766 959 recti
787 899 958 977 angulorum
976 907 1132 979 conpetant

129 986 338 1060 ictuus.itaque
350 983 379 1040 in
390 982 528 1061 quadrato
546 982 617 1041 solis
634 982 747 1045 dividua
763 992 818 1060 est,
835 986 863 1042 in
874 985 1014 1063 triquetro
1028 985 1131 1044 semin-

133 1072 178 1130 ani
194 1067 316 1128 ambitur
330 1063 419 1139 orbe,
446 1064 573 1142 inpletur
587 1075 684 1126 autern·
698 1069 726 1126 in
742 1068 883 1143 adverso,
906 1086 1064 1147 rursusque
1082 1067 1132 1126 mi·
1143 1083 1166 1124 ιι

133 1170 223 1212 nuens
241 1148 359 1210 easdem
374 1147 489 1225 efligies
507 1148 626 1227 paribus
642 1149 701 1210 edit
718 1152 895 1228 intervallis,
922 1152 1005 1211 simili
1020 1151 1131 1212 ratione

133 1255 188 1316 qua
206 1251 294 1311 supra
309 1231 402 1292 solem
416 1233 470 1292 tria
485 1232 592 1293 sidera.

90 1321 125 1376 81
198 1319 246 1380 19.
264 1316 348 1395 (17.)
366 1315 418 1375 Sol
432 1325 527 1378 autem
542 1318 606 1396 ipse
622 1326 757 1396 quattuor
772 1319 950 1399 differentias
966 1315 1070 1392 habet,
1088 1316 1133 1376 bis

132 1412 256 1483 aequata
273 1410 360 1460 nocte
377 1399 451 1475 diei,
474 1418 565 1461 verno
582 1410 611 1461 et
632 1412 782 1478 autumno,
809 1405 837 1462 in
859 1412 987 1463 centrum
1001 1400 1133 1461 incidens

131 1498 228 1549 terrae
255 1485 366 1546 octavis
388 1485 565 1562 inpartibus
589 1487 688 1545 arietis
709 1487 746 1547 ac''
764 1487 874 1563 librae,
899 1486 943 1546 bis
965 1485 1133 1564 permutatis
1143 1500 1165 1541 tt

133 1572 243 1650 spatiis,
260 1571 288 1628 in
300 1578 413 1629 auctum
429 1568 486 1629 diei
502 1567 611 1644 bruma,
630 1579 733 1631 octava
749 1572 776 1629 in
793 1580 874 1648 parte
891 1569 1066 1647 capricorni,
1082 1585 1133 1628 no·

134 1657 189 1716 ctis
204 1671 276 1713 vero
292 1652 433 1728 solstitio,
455 1652 575 1712 totidem
589 1653 618 1711 in
635 1654 765 1732 partibus
783 1655 888 1715 cancri.
919 1651 1134 1731 inaequalitatis

134 1756 221 1800 eausa
237 1737 393 1816 obliquitas
409 1736 555 1813 signiferi,
575 1755 639 1796 cum
654 1755 723 1815 pars
738 1756 831 1816 aequa
846 1739 941 1798 mundi
962 1754 1051 1815 super
1067 1734 1133 1794 sub·

132 1833 235 1902 terque
251 1829 345 1881 terras
357 1821 488 1880 omnibus
502 1820 550 1880 liat
566 1823 726 1880 momentis.
745 1822 797 1882 sed
810 1840 885 1901 quae
897 1830 978 1881 recta
989 1822 1018 1880 in
1030 1826 1134 1879 exortu

133 1923 185 1966 suo
203 1914 379 1981 consurgunt
395 1905 476 1981 signa
488 1904 620 1981 longiore
637 1913 729 1965 tractu
741 1915 839 1966 tenent
850 1906 955 1980 lucem,
974 1921 1049 1983 quae
1061 1919 1165 1962 verosa

134 1990 251 2067 obliqua
269 1990 369 2047 ociore
386 1996 535 2047 transeunt
549 1989 654 2066 spatio.

16 2064 28 2079 ⁵
88 2077 124 2133 δι
195 2071 245 2130 29.
266 2068 348 2149 (18.)
365 2069 447 2130 Latet
462 2071 622 2148 plerosque
640 2089 743 2148 magna
760 2072 835 2132 caeli
850 2071 1048 2132 adsectatione
1065 2087 1132 2130 cou-

133 2162 245 2234 pertum
257 2172 273 2212 a
285 2153 464 2230 principibus
477 2155 624 2215 doctrinae
638 2156 707 2214 viris
720 2156 901 2232 superiorum
911 2156 996 2215 trium
1007 2154 1133 2214 siderum

131 2243 216 2317 ignes
233 2254 300 2295 esse
326 2237 375 2314 qui
400 2236 515 2297 decidui
539 2237 575 2297 ad
600 2246 695 2299 terras
710 2238 857 2299 fulminum
875 2257 980 2301 nornen
995 2237 1131 2312 babeant,

133 2322 188 2382 sed
203 2323 332 2381 maxime
352 2338 390 2379 ex
404 2319 449 2379 bis
465 2320 560 2381 medio
577 2320 644 2381 loco
661 2323 719 2399 siti,
738 2321 870 2383 fortassis
884 2323 1018 2402 quoniam
1035 2329 1166 2385 conta-ts

133 2408 209 2485 glum
223 2406 300 2465 nimii
314 2405 422 2464 umoris
438 2423 476 2465 ex
494 2406 639 2484 superiori
655 2406 764 2466 circulo
780 2415 866 2486 atque
883 2406 995 2466 ardoris
1012 2422 1051 2464 ex
1067 2402 1132 2463 sub-

132 2495 209 2551 iecto
226 2507 280 2567 per
295 2488 370 2549 bunc
383 2489 499 2549 modum
515 2499 626 2567 egerat,
643 2490 769 2569 ideoque
786 2489 890 2550 dictum
901 2489 1002 2549 lovem
1017 2488 1132 2548 fulmina

131 2571 259 2634 iaculari.
294 2590 366 2648 ergo
387 2582 417 2632 ut
433 2592 450 2632 e
472 2573 611 2649 flagrante
629 2573 708 2650 ligno
724 2572 812 2635 carbo
830 2593 894 2635 cum
915 2575 1039 2651 crepitu,
1059 2573 1134 2631 sica

133 2656 228 2714 sidere
247 2654 408 2715 caelestis
400 2657 474 2732 ignis
491 2659 642 2735 exspuitur
657 2659 802 2733 praescita
817 2677 917 2718 secum
931 2657 1033 2717 adiere
1096 2671 1132 2713 ne

133 2737 264 2797 abdicata
286 2738 402 2814 quidem
422 2741 465 2798 sui
489 2741 617 2816 partein
641 2739 743 2800 divinis
763 2750 898 2803 cessante
917 2722 1067 2818 operibus
1101 2737 1130 2797 d·
1120 2757 1165 2800 ·so

133 2839 189 2919 que
211 2821 343 2880 maxime
356 2819 469 2881 turbato
491 2820 521 2879 fit
536 2839 623 2896 aere,
647 2825 712 2900 quia
730 2824 872 2885 collectus
887 2841 970 2886 umor
987 2812 1132 2883 abundun-

132 2907 201 2965 tiam
223 2903 345 2964 stimulat
365 2913 412 2965 aut
436 2906 502 2983 quia
521 2904 650 2966 turbatur
672 2909 795 2986 quodam
818 2927 873 2969 ceu
894 2906 1019 2986 gravidi
1030 2905 1133 2966 sideris

134 2997 225 3069 partu.

91 3077 126 3134 8³
196 3073 246 3132 21
266 3073 349 3153 (19.)
367 3071 523 3135 Intervalla
541 3090 657 3153 quoque
682 3073 828 3134 siderum
828 3084 938 3136 aterra
959 3044 1040 3148 multi
1056 3072 1132 3133 inda·

133 3173 205 3232 gare
220 3165 409 3235 temptarunt,
435 3165 463 3216 et
483 3156 576 3217 solem
596 3158 704 3217 abesse
726 3176 742 3218 a
763 3158 828 3218 luna
851 3157 1029 3234 undevrgrntr
1038 3166 1163 3235 pertesus

135 3249 266 3317 quantam
282 3240 400 3302 lunam
391 3258 483 3320 ipsam
500 3249 609 3301 eterra
625 3241 822 3319 prodiderunt.
853 3241 1034 3318 Pythagoras
1049 3254 1130 3312 vero,

135 3324 178 3380 vir
194 3325 308 3400 sagacis
322 3326 422 3400 animi,
444 3344 460 3384 u
481 3333 559 3385 terra
578 3324 725 3386 adiuuem
741 3334 854 3385 centum
870 3326 973 3401 viginti
988 3342 1042 3385 sex
1056 3321 1131 3382 milia

136 3404 291 3466 stadiorum
306 3427 373 3469 esse
390 3409 520 3486 collegit,
528 3408 564 3469 ad
580 3409 672 3468 solem
690 3409 725 3470 ab
740 3427 775 3469 ea
787 3408 919 3488 duplum,
936 3409 1002 3470 inde
1015 3407 1051 3468 ad
1063 3405 1130 3465 dno·
