2400 3856
457 188 537 237 uhu.
560 190 651 240 nrsr.
675 191 699 237 1.
721 176 790 256 (ιι.)
1088 174 1132 241 23

116 344 302 407 membranis.
327 341 400 423 (84)
414 350 524 403 uterus.
553 342 590 403 de
603 343 688 420 locis,
705 343 870 422 devolvis,
886 345 923 407 de
936 364 1016 406 suum
1032 340 1129 423 volva,

118 430 241 492 sumine.
271 425 344 507 (85)
361 445 435 506 quac
452 426 582 507 adipem,
604 445 678 505 quae
694 427 795 487 sebum
811 428 946 490 habeant.
978 429 1014 490 de
1029 439 1131 490 natura

117 514 282 590 utriusque.
317 529 392 590 quae
412 527 471 571 non
486 513 687 589 pinguescant.
724 508 796 590 (86)
812 512 848 572 de
863 513 1009 591 medullis,
1026 512 1130 592 quibus

118 615 177 657 non
199 597 267 655 rint.
306 592 380 674 (87)
405 595 441 656 de
463 596 579 655 ossibus
602 602 633 655 et
655 596 758 674 spinis.
794 597 900 675 quibus
922 615 976 656 nec
992 614 1059 657 ossa
1076 616 1131 658 nec

95 701 133 745 ss
154 682 232 741 inae.
274 678 473 757 cartilagines.
517 676 590 758 (88)
616 680 652 739 de
679 681 788 741 nervis.
830 697 905 759 quae
929 682 993 741 sine
1019 684 1130 744 nervis.

118 699 277 846 (89-92)
302 765 446 840 arteriae,
473 781 577 823 venae.
604 756 706 848 [quae
733 782 789 824 nec
813 782 903 824 venas
928 782 984 824 nec
1007 767 1130 826 arterias

117 848 256 908 babeant.
293 846 329 907 de
350 848 509 924 sanguine,
536 846 572 906 de
600 848 717 908 sudore.
757 845 807 910 90.
832 866 954 927 quorum
974 846 1130 908 celerrime

119 932 238 1009 sanguis
253 932 414 1008 spissatur,
438 948 560 1010 quorum
580 949 638 991 non
661 941 755 992 coeat.
794 932 899 1011 quibus
920 933 1130 1010 crassissimus,

119 1016 224 1095 quibus
239 1016 438 1091 tenuissimus,
455 1015 559 1094 quibus
575 1015 682 1094 nullus,
698 1012 750 1078 91.
765 1016 869 1094 quibus
886 1018 976 1078 certis
992 1018 1131 1094 tempori·

83 1102 173 1163 robus
187 1100 255 1160 anni
270 1096 375 1158 nullus.
412 1095 464 1162 92.
485 1116 521 1159 an
543 1101 732 1178 insanguine
756 1096 970 1187 principatus).
1006 1098 1079 1179 (93)
1095 1100 1131 1160 de

119 1192 253 1262 tergore.
289 1180 362 1264 (94)
386 1183 422 1244 de
439 1181 506 1262 pilis
527 1191 557 1243 et
572 1186 681 1244 vestitu
702 1187 842 1263 tergoris.
873 1186 978 1265 quibus
1001 1202 1035 1246 os
1054 1186 1131 1246 intus

119 1276 150 1330 et
165 1265 259 1347 pedes
276 1267 378 1327 subtus
394 1267 473 1327 hirti.
500 1264 573 1347 (95)
589 1268 625 1329 de
640 1271 775 1330 mammis.
799 1287 874 1349 quae
886 1270 1036 1330 volucrum
1047 1287 1132 1330 mam·

117 1369 177 1412 mas
192 1350 328 1412 habeant.
360 1351 499 1412 notabilia
521 1352 684 1412 animalium
703 1354 733 1413 in
747 1353 897 1413 uberibus.
934 1351 1000 1432 (96.
1017 1351 1074 1433 97)
1095 1353 1131 1413 de

118 1436 194 1496 lacte
217 1428 317 1520 (quod
337 1435 430 1495 solum
452 1435 555 1495 animal
576 1444 661 1513 sugat
680 1436 711 1496 in
732 1455 828 1497 cursu.
858 1436 894 1496 de
916 1437 1072 1514 colostris,
1094 1436 1131 1496 de

84 1521 230 1595 mcaseis,
247 1519 405 1597 exquibus
422 1537 480 1580 non
495 1520 573 1579 haut.
605 1520 641 1580 de
657 1520 792 1598 coagulo.
823 1538 934 1599 genera
949 1520 1077 1581 alimenti
1094 1536 1132 1580 ex

116 1604 205 1665 lactc.
233 1600 286 1664 97.
302 1620 412 1680 genera
428 1598 614 1691 caseorum).
644 1601 822 1683 (98-113)
837 1604 1029 1665 Differentiae
1044 1621 1131 1663 mem·

117 1688 239 1748 brorum
260 1684 385 1747 hominis
416 1706 433 1747 a
457 1688 579 1766 reliquis
601 1688 782 1750 animalibus.
814 1685 889 1769 (99)
906 1688 942 1749 de
957 1687 1072 1766 digitis,
1095 1686 1132 1747 de

118 1771 274 1832 bracchiis.
306 1768 401 1850 (100)
417 1769 453 1831 de
470 1773 615 1831 simiarum
630 1772 828 1832 similitudine.
860 1770 953 1852 (101)
975 1772 1011 1833 de
1031 1771 1132 1848 ungui·

118 1856 185 1932 bus,
208 1851 303 1934 (102)
320 1854 356 1915 de
372 1855 497 1933 genibus
514 1864 544 1915 et
560 1854 745 1934 poplitibus·
762 1854 857 1935 (103)
879 1857 910 1914 in
926 1855 1030 1935 quibus
1046 1872 1132 1914 mem·

81 1940 181 2001 arbris
198 1938 333 2018 corporis
355 1939 468 1999 humani
492 1941 530 1998 sit
545 1939 662 2018 religio.
702 1937 795 2018 (104)
817 1942 939 2000 varices.
977 1937 1072 2018 (105)
1095 1937 1132 1998 de

117 2040 238 2103 gressu,
254 2022 290 2084 de
307 2022 430 2102 pedibus
447 2031 477 2083 et
492 2024 636 2086 cruribus.
663 2022 757 2103 (106)
771 2025 807 2086 de
820 2024 945 2102 ungulis.
972 2022 1067 2104 (107)
1082 2039 1133 2083 vo·

118 2108 229 2168 lucrum
249 2106 361 2186 pedes,
388 2104 481 2186 (108)
505 2108 596 2186 pedes
619 2110 780 2169 animalium
801 2109 909 2171 abinis
924 2109 960 2169 ad
976 2117 1130 2170 centenos.

118 2191 156 2252 de
171 2190 388 2271 pumilionibus.
426 2188 514 2267 (109.
532 2191 608 2272 110)
626 2193 661 2254 de
677 2194 853 2272 genitalibus
870 2187 929 2279 (de
945 2193 1133 2272 hermaphro-

118 2275 207 2352 ditis,
235 2272 306 2336 110.
329 2274 366 2335 de
382 2277 518 2336 testibus.
546 2278 628 2336 trium
645 2297 785 2354 generum
797 2274 959 2364 semiviri).
986 2276 1080 2357 (111)
1096 2276 1133 2337 de

82 2357 228 2420 secandis.
262 2356 357 2439 (112)
378 2359 414 2419 de
436 2361 559 2419 vocibus
582 2361 751 2421 animalium.
783 2359 877 2440 (113)
898 2360 935 2420 de
951 2361 1132 2437 agnascenti-

117 2444 174 2505 bus
189 2443 336 2503 membris.
366 2441 459 2521 (114)
481 2443 640 2503 Vitalitatis
657 2454 686 2505 et
701 2463 811 2505 morum
826 2454 915 2504 notae
936 2462 975 2503 ex
994 2442 1131 2502 membris

117 2526 273 2587 hominum.
310 2525 403 2607 (115)
425 2526 470 2587 De
485 2528 587 2587 anima.
618 2527 654 2588 de
675 2529 763 2589 victu.
800 2526 894 2605 (116)
918 2544 993 2604 quae
1017 2542 1131 2586 veneno

117 2618 203 2691 pasta
223 2613 288 2690 ipsa
303 2628 362 2671 non
384 2619 507 2690 pereant
524 2619 554 2670 et
569 2619 685 2688 gustata
706 2619 822 2673 necent.
856 2608 950 2690 (117)
966 2607 1078 2681 Quibus
1095 2610 1131 2669 de

117 2694 214 2755 causis
230 2694 319 2755 homo
341 2711 400 2755 non
416 2703 588 2771 concoquat.
620 2694 655 2754 de
672 2694 808 2754 remediis
825 2694 1004 2755 cruditatum.
1036 2691 1130 2773 (118)

80 2790 107 2834 eo
120 2775 365 2849 Quemadmodum
383 2777 564 2854 corpulentia
580 2778 744 2853 contingat,
766 2777 1003 2854 quemadmodum
1024 2782 1129 2841 minua·

119 2870 175 2922 tur.
200 2856 292 2940 (119)
309 2858 390 2931 Quae
403 2868 491 2937 gustu
505 2860 610 2919 iamem
622 2867 653 2920 et
668 2861 744 2919 sitim
756 2860 869 2922 sedent.
893 2861 1019 2923 Summa:
1038 2882 1087 2922 res
1101 2871 1136 2927 et.

117 2948 263 3010 historiae
278 2955 309 3009 et
325 2948 551 3009 observationes
566 2943 712 3005 MMDGG.

182 3030 230 3092 Ex
250 3032 433 3092 auctoribus:
462 3028 501 3090 Μ.
519 3028 677 3106 Varrone,
698 3027 831 3106 Hygino,
854 3027 972 3100 Scrofa,
995 3024 1132 3099 Saserna,

120 3114 212 3177 Celso
230 3114 389 3192 Cornelio,
411 3114 540 3175 Aemilio
555 3112 673 3190 Macro,
689 3111 843 3190 Vergilio,
861 3108 1041 3185 Columella,
1057 3106 1133 3166 lulio

83 3200 228 3281 eshquila
244 3203 292 3279 qui
309 3202 345 3261 de
361 3199 484 3260 Etrusca
500 3198 652 3276 disciplina
668 3198 803 3276 scripsit,
820 3195 970 3271 Tarquitio
987 3193 1034 3270 qui
1052 3193 1132 3267 item,

120 3284 272 3347 Umbricio
284 3284 409 3345 Meliore
423 3286 470 3363 qui
483 3285 563 3361 item,
577 3280 688 3342 Catone
700 3282 850 3354 censorio,
862 3276 991 3337 Domitio
1000 3274 1132 3352 Calvino,

120 3370 235 3450 Trogo,
250 3368 385 3447 Melisso,
400 3369 542 3443 Fabiano,
557 3366 707 3441 idaciano,
723 3363 852 3440 Nigidio,
868 3360 1007 3437 Mamilio,
1025 3358 1131 3439 Oppio.

120 3454 280 3519 Externis:
301 3453 477 3530 Aristotele,
494 3451 676 3527 Democrito,
691 3446 890 3526 Neoptolemo
902 3447 950 3525 qui
961 3445 1133 3526 μελιτουρ-
