2400 3856
382 184 463 231 nar.
485 184 576 232 ruso.
598 186 621 231 1.
644 176 713 247 (xv.
736 176 819 249 xvr.)
1064 169 1108 236 29

96 337 172 399 dium
187 354 301 414 genera
320 336 398 398 Xlll.
430 336 458 399 7.
475 337 513 397 de
533 338 610 415 sago.
642 337 671 399 8.
690 338 726 398 de
742 340 864 419 reliquis
879 340 1041 418 glandibus.
1071 339 1108 401 de

96 421 234 482 carbone.
268 416 298 481 9.
315 420 455 499 degalla.
488 420 621 483 10—13.
642 423 826 500 quammulta
842 423 1108 502 praeterglandem

96 506 192 565 ierant
208 504 329 565 eaedem
344 506 477 565 arbores.
510 504 558 565 11.
576 505 708 582 cachrys,
732 503 779 567 12.
797 524 925 584 coccum,
949 506 999 569 13.
1016 510 1109 585 agari·

95 582 193 674 cnm.)
221 585 293 666 (14)
309 586 435 660 Quarum
451 589 587 649 arborum
603 592 729 649 cortices
745 591 773 648 in
790 609 853 650 usu.
883 588 955 669 (15)
971 591 1015 650 De
1028 610 1109 651 scau·

72 671 180 740 adolio.
206 670 279 750 (16)
291 672 335 732 De
351 675 436 750 pinu,
463 671 535 750 (17)
547 675 690 749 pinastro,
707 670 779 751 (18)
792 675 888 751 picea,
904 675 1013 751 abiete,
1037 672 1108 752 (19)

95 757 198 832 larice,
214 756 310 833 taeda,
337 753 409 836 (20)
428 766 505 818 taxo.
538 753 610 835 (21)
626 755 738 828 Quibus
753 757 845 816 modis
861 758 910 817 liat
924 760 976 835 pix
989 756 1107 835 liquida.

95 838 243 919 quomodo
267 840 394 901 cedrium
416 842 473 900 liat.
516 838 587 919 (22)
614 841 833 919 quibusmodis
858 842 953 920 spissa
974 843 1024 919 pix
1049 841 1108 917 fiat,

95 925 199 1002 quibus
227 932 351 1001 cogatur
381 926 489 985 resina.
529 922 601 1003 (23)
624 927 749 1003 zopissa.
789 922 959 1002 (24-29)
984 921 1109 994 Quarum

95 1007 233 1068 arborum
252 1009 391 1067 materiae
412 1010 441 1067 in
463 1011 559 1087 pretio
581 1003 707 1093 (fraxini
730 1027 841 1086 genera
861 1008 936 1087 llll,
958 1005 1009 1070 25.
1028 1008 1108 1067 tiliae

59 1121 87 1163 10
96 1108 207 1168 genera
227 1090 270 1168 11,
294 1088 344 1153 26.
366 1094 460 1150 aceris
480 1111 591 1169 genera
612 1091 656 1170 X,
681 1090 731 1154 27.
754 1092 906 1170 bruscum,
927 1092 1108 1166 molluscum,

96 1174 376 1252 staphylodendrom
400 1172 451 1236 28.
468 1176 536 1235 buxi
552 1195 665 1253 genera
684 1176 743 1254 111,
769 1174 819 1238 29.
842 1177 981 1237 ulmorum
998 1193 1109 1253 genera

94 1254 183 1346 1111).
211 1256 277 1338 (30.
292 1257 349 1336 31)
364 1259 510 1319 Arborum
528 1270 628 1320 natura
644 1279 698 1338 per
715 1263 806 1320 situus
830 1256 927 1344 (quae
944 1270 1109 1335 montanae,

96 1352 401 1514 ttltltltf‘tth
417 1340 1110 1508 {intinniitatttt.ttllltnltl

60 1510 239 1582 „decidant
280 1510 316 1570 de
336 1509 549 1570 rhododendro.
587 1511 690 1588 quibus
712 1530 770 1571 non
791 1512 885 1570 omnia
906 1511 977 1570 folia
999 1512 1109 1571 cadant.

97 1595 202 1673 quibus
220 1594 251 1653 in
271 1593 345 1654 locis
363 1593 432 1653 nulli
449 1594 594 1653 arborum.
635 1592 718 1673 (34.)
737 1595 773 1654 de
791 1602 892 1665 natura
910 1594 1046 1653 foliorum
1065 1611 1110 1653 ca·

96 1679 233 1738 dentium.
264 1675 336 1756 (35)
352 1677 456 1757 quihus
471 1677 608 1737 loliorum
624 1680 695 1737 varii
713 1679 840 1738 colores.
870 1676 1044 1756 populorum
1059 1695 1111 1754 ge·

97 1779 168 1822 nora
189 1760 242 1826 111,
267 1779 389 1840 quornm
410 1761 546 1820 loliorum
565 1762 656 1838 ligura
675 1771 811 1823 mutetur.
851 1759 924 1838 (36)
945 1780 1019 1841 quac
1039 1761 1110 1821 lolia

97 1852 255 1907 versentur
269 1845 402 1905 omnibus
414 1846 504 1904 annis.
531 1843 602 1921 (37)
616 1843 752 1904 loliorum
767 1865 784 1904 e
796 1844 897 1922 palmis
911 1863 978 1904 cura
991 1853 1021 1904 et
1031 1863 1108 1903 usus.

61 1927 323 2007 ‚0138)ioliorum
345 1928 494 1987 mirabilia.
532 1925 604 2006 (39)
629 1927 708 1989 Ordo
728 1937 848 1988 naturae
870 1930 900 1988 in
921 1931 1002 1987 satis.
1039 1925 1110 2006 (40)

98 2010 181 2084 Quae
196 2012 319 2073 arbores
337 2030 487 2089 numquam
502 2011 636 2074 floreant.
663 2013 700 2073 de
718 2013 861 2090 iunipiris
899 2011 971 2092 (41)
985 2011 1030 2072 De
1043 2030 1111 2072 oon·

98 2095 1111 2261 littttl'tttliltttll”illultt‘tlhllllll‘'lllt

99 2264 269 2340 anniferae,
286 2267 317 2323 in
332 2265 486 2324 triennium
502 2201 644 2326 ledentes.
676 2264 749 2344 (45)
765 2285 839 2344 quae
856 2266 978 2325 fructum
995 2284 1052 2325 non
1069 2267 1111 2323 fe-

65 2366 92 2407 as
101 2355 176 2408 rant.
212 2365 285 2426 quae
305 2348 440 2408 infelices
461 2351 674 2410 existimentur.
709 2348 782 2426 (46)
803 2358 876 2426 quae
893 2348 1027 2407 facillime
1045 2365 1110 2424 per·

99 2430 168 2491 dant
179 2431 302 2491 fructum
317 2440 366 2491 aut
378 2431 489 2492 liorem.
519 2431 592 2510 (47)
607 2450 680 2510 quae
695 2433 743 2492 ubi
756 2449 813 2491 non
828 2433 933 2490 lerant.
957 2427 1029 2508 (48)
1041 2446 1111 2505 quo·

97 2513 186 2575 modo
203 2532 337 2593 quaeque
353 2516 457 2576 lerant.
491 2513 563 2592 (49)
577 2516 682 2594 quibus
701 2515 811 2575 iruotus
829 2524 896 2573 ante
914 2531 996 2592 quam
1011 2513 1111 2573 lolium

99 2607 243 2660 nascatur.
275 2596 348 2678 (50)
363 2599 489 2676 biferae3
508 2600 637 2659 triferae.
669 2596 742 2677 (51)
757 2595 839 2669 Quae
854 2598 1008 2658 celerrime
1026 2617 1112 2658 sene-

99 2690 193 2758 scant,
209 2700 284 2760 qnae
298 2683 649 2762 tardissime.·praecoces
660 2683 802 2758 fructuos,
819 2683 951 2745 serotini.
994 2679 1066 2762 (52)
1080 2680 1112 2743 lo

63 2788 90 2829 oo
100 2765 205 2842 quibus
222 2766 305 2844 plura
319 2784 416 2827 rerum
429 2785 539 2844 genera
555 2769 721 2846 gignantur.
751 2777 926 2844 crataegum.
955 2763 1111 2847 (53-56)

98 2848 293 2910 Differentiae
308 2850 441 2910 arborum
457 2869 511 2929 per
527 2868 652 2930 corpora
674 2859 704 2912 et
723 2870 827 2913 ramos.
850 2845 951 2936 (lotos
967 2854 1030 2911 sive
1045 2850 1112 2909 faba

99 2930 221 2993 Graeca.
258 2931 308 2996 54.
330 2933 366 2994 de
386 2937 481 2994 ramis.
519 2934 569 2997 55.
592 2934 629 2996 de
649 2937 770 2996 cortice.
807 2935 859 2997 56.
879 2936 914 2995 de
934 2927 1111 3015 radicibus.)

99 3015 173 3095 (57)
190 3017 323 3079 Arbores
336 3036 411 3097 quae
427 3028 533 3097 sponte
549 3022 775 3079 resurrexerint.
806 3016 878 3098 (58)
893 3015 1004 3088 Quibus
1019 3014 1112 3075 modis

102 3112 211 3180 sponte
232 3115 384 3164 nascantur
406 3105 537 3165 arbores.
606 3100 761 3180 (58-60)
786 3101 913 3162 Naturae
930 3099 1113 3161 differentiae

63 3200 160 3244 arnon
185 3185 280 3244 omnia
302 3184 411 3411 115ἰῖ
432 3188 602 3263 generantis
626 3183 689 3270 [59
711 3186 759 3245 uhi
781 3204 855 3264 quae
875 3202 933 3244 non
949 3193 1111 3244 nascantur.

100 3265 151 3328 60.
168 3266 206 3327 dc
219 3270 367 3345 cupressis
393 3314 400 3328 .

100 3368 160 3410 non
182 3351 247 3409 sint.
285 3349 357 3430 (62)
405 3354 556 3414 chedera.
586 3372 697 3431 genera
720 3355 783 3411 eius
799 3349 865 3412 XX.
903 3350 975 3431 (63)
993 3351 1111 3413 Zmilax.

100 3431 268 3515 (64-71)
296 3434 340 3495 De
370 3440 510 3516 aquaticis
537 3432 596 3522 [de
622 3437 748 3497 calamis.
790 3435 977 3496 harundinum
1002 3454 1113 3514 genera

431 3268 504 3347 (61)
520 3269 608 3331 Nasoi
624 3288 713 3348 saepe
732 3288 770 3329 ex
786 3278 863 3328 terra
879 3287 953 3347 quoe
968 3277 1034 3328 ante
1047 3277 1113 3330 nata
