2400 3856
364 188 444 235 unna
466 189 556 236 uisu.
580 189 649 234 1111.
669 183 709 236 12.
735 173 874 256 (at-ao.)
1065 173 1124 237 173

114 340 185 399 Daci
209 339 345 400 Romanis
372 340 458 416 dicti,
484 341 555 401 alias
583 343 749 418 Sarmatae,
776 341 894 404 Graecis
925 344 1123 420 Sauromatae,

116 441 275 501 eorumque
297 423 465 484 llamaxobii
488 434 536 484 aut
550 425 656 502 Aorsi,
678 426 748 486 alias
765 428 890 502 Scythae
906 428 1070 503 degeneres
1094 435 1123 488 et

116 526 132 566 a
148 510 243 567 servis
260 511 317 568 orti
333 516 380 567 aut
395 507 593 585 Trogodytae,
609 527 677 568 mox
692 509 778 569 Alani
795 520 823 569 et
838 510 1011 570 Rhoxolani.
1039 530 1124 590 supe·

115 593 194 650 riona
216 601 309 651 autem
332 595 407 651 iuter
425 591 585 651 Danuvium
606 602 636 651 et
656 592 828 669 Hercynium
853 594 956 654 saltum
975 613 1068 673 usque
1090 594 1125 655 ad

85 674 278 734 tPannonica
307 675 428 735 hiberna
454 673 590 735 Carnunti
617 674 880 755 Germanorumque
906 678 946 737 ibi
972 679 1125 737 confinium

116 776 233 836 campos
250 767 279 818 et
302 759 385 837 plana
399 758 522 837 lazyges
543 759 707 837 Sarmatae,
732 769 845 820 montes
868 778 940 821 vero
963 770 994 820 et
1015 762 1124 822 saltuus

115 842 190 920 pulsi
206 842 242 901 ab
264 841 309 901 his
327 842 399 902 Daci
418 843 454 902 ad
468 843 628 903 Pathissum
640 862 768 906 amnem.
800 844 826 903 A
841 844 922 904 llaro
943 844 1022 922 (sive
1038 845 1126 906 Duria
1142 852 1173 904 81

119 935 164 985 est
181 925 313 986 aSuebis
327 943 478 1006 regnoque
492 927 643 987 Vanniano
656 927 792 988 dirimens
808 930 877 1008 eos)
892 947 995 988 auersa
1009 929 1125 989 Baster-

116 1013 180 1069 naei
202 1019 301 1071 tenent
325 1011 431 1088 aliique
452 1012 519 1071 inde
536 1010 678 1072 Germani.
715 1013 847 1090 Agrippa
869 1021 959 1073 totum
977 1016 1044 1072 trum
1068 1021 1124 1071 tra·

77 1109 102 1148 10
117 1103 190 1153 ctum
206 1094 241 1154 ab
257 1092 357 1153 Histro
375 1094 410 1153 ad
426 1113 566 1156 oceanum
582 1096 628 1156 bis
645 1097 681 1156 ad
696 1094 970 1174 deciensOblpass.
986 1099 1015 1156 in
1032 1097 1125 1173 longi-

116 1179 258 1254 tudinem,
282 1189 416 1258 quattuor
430 1178 460 1238 Μ
474 1180 691 1258 quadringentis
707 1183 737 1240 in
752 1181 948 1258 latitudinem,
970 1179 1125 1240 adllumen

112 1260 238 1321 ¹Vistlam
256 1281 271 1321 a
286 1262 413 1323 desertis
431 1263 588 1324 Sarmatiae
604 1264 739 1342 prodidit.
770 1265 940 1341 Scytharum
958 1281 1063 1324 nomen
1079 1282 1124 1321 us-

116 1362 288 1423 quequaque
313 1347 464 1406 transitio
485 1345 628 1407 Sarmatas
658 1357 745 1426 atque
768 1346 938 1408 Germanos.
982 1366 1037 1407 nec
1060 1346 1123 1406 aliis

115 1430 211 1505 prisca
226 1429 276 1488 illa
291 1430 403 1488 duravit
415 1429 573 1507 appellatio
590 1450 673 1509 quam
689 1433 736 1510 qui
750 1434 872 1492 extremi
881 1433 1010 1508 gentium
1026 1431 1125 1490 harum

77 1528 102 1567 15
116 1515 207 1590 ignoti
224 1532 318 1593 prope
333 1516 440 1574 ceteris
456 1513 627 1574 mortalibus
642 1515 758 1591 degunt.

181 1595 392 1679 (26.)‡Verum
419 1598 453 1657 ab
476 1596 576 1658 Histro
602 1600 709 1677 oppida
730 1597 936 1674 Cremniscos,
957 1599 1124 1677 Aepolium,
1141 1604 1174 1657 82

99 1691 228 1741 montes
248 1680 472 1759 Macrocremni,
492 1681 588 1742 clarus
612 1685 700 1742 amnis
721 1682 814 1759 Tyra,
838 1682 945 1762 oppido
962 1701 1065 1743 nomen
1083 1684 1124 1741 in·

116 1783 228 1843 ponens
245 1766 293 1824 ubi
311 1775 396 1826 antea
414 1765 542 1844 Ophiusa
559 1766 718 1827 dicebatur.
753 1766 786 1827 ln
802 1767 904 1826 eodem
920 1766 1040 1827 insulam
1060 1784 1124 1843 spa-

116 1852 220 1907 tiosam
235 1848 365 1909 incolunt
380 1850 555 1928 Tyragetae.
587 1851 671 1910 abest
686 1870 702 1911 a
717 1850 927 1911 Pseudostomo
941 1848 1030 1909 Histri
1047 1850 1124 1908 ostio

76 1950 103 1990 ao
118 1930 226 1992 CXXX
246 1932 359 1992 milibus
379 1952 523 2013 passuum.
560 1933 630 1994 Mox
650 1933 775 1995 Asiacae
797 1936 986 2010 cognomines
1006 1933 1124 2008 flumini,

116 2016 190 2075 ultra
207 2034 279 2094 quos
296 2015 455 2095 Orobiggi,
472 2017 577 2078 flunmen
592 2017 712 2096 Rhode,
729 2021 809 2078 sinus
827 2018 1001 2096 Saggarius,
1021 2026 1124 2096 portus
1175 2077 1178 2082 ,

116 2098 256 2162 Ordesos.
277 2109 307 2162 et
322 2101 425 2179 a'lyra
437 2100 517 2162 CXX
528 2103 642 2164 milibus
661 2121 796 2182 passuum
809 2103 914 2162 flumen
926 2100 1124 2177 Borysthenes

116 2184 254 2262 lacusque
272 2195 301 2245 et
317 2205 392 2263 gens
408 2186 511 2247 eodem
527 2189 643 2247 nomine
663 2196 692 2248 et
709 2186 846 2264 oppidum
865 2187 966 2246 amari
981 2185 1124 2245 recedens

116 2267 171 2326 XV
186 2268 300 2328 milibus
316 2288 468 2349 passuum,
492 2269 657 2348 Olbiopolis
678 2280 707 2331 et
728 2269 910 2349 Miletopolis
930 2271 1053 2345 antiquis
1075 2285 1125 2327 no-

76 2352 250 2409 seminibus.
277 2371 376 2412 rursus
392 2353 480 2412 litore
498 2363 599 2429 portus
615 2353 806 2413 Achaeorum.
834 2354 929 2413 insula
943 2350 1066 2416 Achillis
1084 2360 1125 2410 tu·
1141 2357 1177 2411 83

116 2433 193 2493 mulo
206 2436 268 2493 eius
280 2437 333 2494 riri
346 2435 433 2512 clara,
443 2444 473 2495 et
485 2434 520 2495 ab
533 2454 568 2494 ea
576 2433 680 2495 CXXV
689 2437 803 2495 milibus
811 2454 945 2513 passuum
956 2434 1126 2512 paeninsula

116 2518 152 2577 ad
164 2519 284 2578 formam
301 2518 377 2594 gladi
396 2521 425 2578 iu
438 2529 598 2578 trauersum
611 2528 758 2596 porrecta,
771 2521 983 2578 exercitatione
996 2516 1126 2578 eiusdem

117 2603 319 2678 cognominata
339 2601 465 2662 Dromos
490 2601 658 2680 Achilleos,
683 2605 764 2662 cuius
788 2602 997 2679 longitudinem
1020 2599 1127 2660 LXXX

116 2685 224 2746 milium
239 2704 374 2764 passuum
389 2685 504 2746 tradidit
519 2685 659 2765 Agrippa.
684 2686 788 2747 Totum
808 2704 872 2745 eum
889 2694 1009 2747 tractum
1026 2693 1126 2746 tenent

78 2790 104 2828 oo
118 2770 200 2830 Sardi
219 2769 344 2846 Scythae
361 2779 390 2830 et
407 2769 507 2834 Siraci.
535 2770 606 2831 lnde
623 2770 768 2831 silvestris
789 2772 874 2848 regio
892 2769 1031 2848 hylaeum
1047 2788 1124 2830 mare

118 2872 175 2929 quo
196 2853 321 2914 adluitur
349 2857 578 2933 cognominavit,
604 2853 809 2916 Enoaecadioe
839 2864 977 2915 vocantur
1001 2854 1124 2914 incolae.

117 2935 200 2996 Ultra
214 2939 387 3019 Panticapes
403 2940 493 2999 amnis
509 2939 557 3017 qui
573 2937 715 2999 Nomadas
732 2937 914 3015 et'Georgos
935 2938 1124 3013 disterminat,

117 3037 186 3079 mox
196 3021 350 3083 Acesinus.
374 3024 487 3100 quidam
500 3023 675 3102 Panticapen
686 3022 835 3083 continere
851 3024 925 3082 infra
940 3020 1052 3080 Olbiam
1063 3038 1127 3079 cunr

117 3103 302 3180 Borysthene
329 3107 460 3182 tradunt,
494 3105 697 3184 diligentiores
725 3106 881 3185 Hypanim,
913 3113 992 3165 tauto
1023 3122 1125 3164 errore

77 3207 104 3247 ss
119 3205 219 3248 eorum
230 3189 277 3268 qui
294 3189 374 3249 illum
389 3193 423 3270 in·
433 3191 524 3251 Asiae
540 3200 623 3269 parte
641 3192 808 3271 prodidere.
837 3191 916 3251 nare
934 3189 1012 3249 subit
1023 3206 1126 3266 magno
1141 3196 1176 3248 84

118 3291 250 3350 recessu,
263 3273 356 3334 donec
369 3273 396 3334 V
407 3274 513 3335 milium
525 3294 660 3356 passuum
678 3274 832 3337 interuallo
845 3275 921 3334 absit
937 3292 953 3334 a
965 3272 1123 3352 Maeotide,
1149 3268 1156 3281 '

118 3366 198 3417 vasta
215 3359 344 3418 ambiens
360 3361 455 3438 spatia
476 3361 636 3439 multasque
651 3369 765 3439 gentes.
800 3360 879 3420 sinus
896 3357 1057 3420 Carcinites
1074 3377 1124 3438 ap·

117 3441 250 3520 pellatur.
271 3443 391 3504 Flumen
406 3443 535 3519 Pacyris.
560 3445 668 3525 oppida
683 3444 837 3522 Nauarum,
853 3443 986 3506 Carcine.
1006 3461 1022 3504 a
1036 3453 1122 3522 tergo
