2400 3856
414 182 494 229 nar.
511 181 601 228 urar.
619 182 642 228 1.
667 166 796 251 (1.11.)
1084 168 1123 229 21

121 338 196 414 llyla
214 338 263 417 qni
281 335 319 396 de
335 336 478 413 auguriis,
496 334 673 410 Aristotele,
690 335 911 414 Theophrasto,
935 334 1123 413 Callimacho,

123 420 287 495 Aeschylo,
303 420 431 480 Hierone
447 437 536 496 rege,
552 419 748 478 Philometore
764 438 853 496 rege,
871 419 1000 496 Archyta
1015 420 1124 481 ’laren-

121 508 193 580 tino,
211 504 405 582 Amphilocho
422 502 612 578 Atheniense,
629 503 786 582 Anaxipoli
803 502 921 579 Thasio,
938 504 1123 582 Apollodoro

120 590 257 662 Lemnio,
276 587 471 666 Aristophane
487 587 618 663 Milesio,
637 587 784 664 Antigono
802 584 942 663 Cymaeo,
959 587 1126 664 Agathocle

100 672 210 748 schin,
229 671 389 751 Apollonio
406 671 602 747 Pergameno,
619 670 790 732 Aristandro
809 670 981 746 Athenaeo,
998 672 1125 732 Bacchic

121 757 249 831 Milesio,
267 755 358 815 Bione
375 755 518 830 Solense,
536 753 668 815 Chaerea
684 756 881 830 Atheniense,
897 754 1029 815 Diodoro
1046 755 1125 815 Prie·

121 857 210 916 naeo,
233 839 327 900 Dione
345 836 546 917 Colophonio,
570 839 755 915 Democrito,
779 838 933 918 Diophane
948 838 1125 915 Nicaeense,

120 924 256 1003 Epigene
282 922 414 998 Rhodio,
441 923 581 1000 Euagone
609 923 732 999 Thasio,
761 923 931 1002 Euphronio
959 922 1125 999 Athenaeo,

120 1008 208 1083 luba,
230 1006 412 1067 Androtione
436 1009 484 1086 qui
506 1007 542 1066 de
561 1007 752 1084 agricultura,
777 1008 961 1069 Aeschrione
980 1009 1029 1087 qui
1045 1008 1125 1083 item,

87 1112 112 1154 so
121 1089 295 1167 Lysimacho
312 1093 359 1169 qui
378 1092 462 1165 item,
489 1089 630 1166 Dionysio
647 1093 694 1170 qui
710 1091 865 1171 Magonem
881 1091 1038 1167 transtulit,
1055 1091 1125 1152 Dio-

121 1176 218 1254 phane
235 1175 284 1253 qui
300 1193 338 1233 ex
354 1174 495 1249 Dionysio
523 1176 650 1253 epitoma
676 1175 758 1253 lecit,
774 1177 931 1252 Nicandro,
949 1174 1125 1252 Onesicrito,

71 1261 73 1265 ”
121 1258 298 1335 Phylarcho,
314 1257 455 1319 llesiodc.

184 1341 273 1402 Libro
288 1340 338 1400 Xl.
362 1343 544 1401 continentur
560 1342 735 1402 insectorum
751 1345 913 1404 animalium
928 1363 1048 1421 genera.
1073 1344 1125 1424 (1)

122 1426 274 1487 Subtilitas
289 1426 318 1484 in
332 1424 377 1485 his
392 1426 482 1485 rebus
499 1433 628 1485 naturae.
661 1426 712 1506 (2)
731 1426 777 1486 An
795 1428 921 1505 spirent,
945 1447 981 1487 an
1002 1427 1127 1487 habeant

87 1512 303 1588 assangninem.
340 1509 391 1589 (3)
416 1509 461 1570 De
490 1526 616 1589 corpore
641 1527 751 1570 eorum.
790 1509 925 1593 (4--23)
952 1510 997 1570 De
1023 1510 1126 1588 apibus

122 1589 176 1682 (5.
200 1595 248 1674 qui
270 1594 343 1653 ordo
368 1596 396 1652 in
418 1611 514 1672 opere·
532 1612 639 1653 earum.
671 1594 839 1673 61111011
860 1596 888 1654 in
906 1610 942 1653 eo
960 1595 1125 1669 commosis,

123 1679 193 1760 quid
209 1679 246 1738 sit
261 1679 449 1756 pissoceros,
476 1678 545 1757 quid
561 1680 597 1737 sit
613 1678 756 1756 propolis,
787 1680 815 1736 7.
833 1678 902 1758 quid
918 1678 1047 1739 erithace
1064 1677 1126 1737 sive

123 1763 285 1824 sandaraca
302 1763 364 1821 sive
383 1761 547 1836 cerinthos,
580 1760 609 1820 8.
627 1780 665 1819 ex
682 1761 787 1840 quibus
804 1761 926 1821 lloribus
941 1779 1033 1840 opera
1049 1761 1125 1820 liant.

124 1849 154 1908 9.
172 1846 267 1924 apium
289 1846 383 1905 studio
407 1847 493 1924 capti.
515 1843 574 1923 [10.
593 1845 667 1904 ratio
691 1843 883 1925 operis.]11.
905 1845 941 1904 de
957 1845 1042 1906 lucis.
1078 1844 1125 1902 12.

86 1948 203 2012 acquae
218 1938 318 1989 natura
334 1928 439 2004 mellis,
474 1928 520 1989 13.
539 1946 614 2007 quae
637 1930 746 2006 optima
765 1927 871 2003 mella,
907 1929 954 1987 14.
979 1946 1053 2008 quae
1075 1946 1127 2006 ge·

122 2031 195 2074 nera
215 2012 311 2073 mellis
335 2013 363 2070 in
386 2011 507 2089 singulis
528 2013 613 2087 locis,
649 2013 696 2072 15.
721 2014 867 2091 quomodo
890 2013 1059 2090 probentur.
1091 2012 1128 2073 de

123 2098 206 2159 erice
230 2096 292 2155 sive
314 2096 449 2155 tetralice
476 2097 538 2155 sive
563 2098 667 2171 sisyro.
702 2097 750 2157 16.
775 2097 921 2176 quomodo
943 2117 1016 2178 apes
1037 2116 1127 2175 gene·

122 2189 199 2242 rent.
228 2180 277 2238 17.
291 2198 365 2259 quae
378 2180 527 2257 regiminis
539 2182 622 2241 ratio.
653 2179 700 2240 18.
715 2181 869 2261 aliquando
882 2192 912 2247 ct
924 2183 1031 2243 laetum
1043 2198 1129 2242 omen

124 2282 195 2325 esse
219 2265 389 2323 examinum.
424 2263 471 2323 19.
487 2283 599 2342 genera
620 2265 724 2343 apium.
756 2265 806 2326 20.
830 2267 867 2326 de
888 2267 998 2326 morbis
1021 2268 1125 2344 apium.
1173 2334 1179 2343 1

88 2348 178 2409 sat.
195 2365 270 2427 quae
288 2348 400 2406 inimica
416 2347 528 2426 apibus.
563 2348 612 2408 22.
630 2350 666 2409 10
683 2350 865 2411 continendis
881 2349 993 2426 apibus,
1023 2347 1072 2406 23.
1091 2349 1127 2406 10

124 2426 327 2517 reparandis).
360 2430 432 2510 (24)
448 2430 494 2492 De
515 2434 616 2511 vespis
632 2442 661 2493 et
677 2433 876 2493 crabronibus.
905 2449 979 2509 quae
996 2429 1129 2492 animalia

125 2534 165 2575 ex
191 2514 286 2575 alieno
315 2533 394 2573 suum
422 2515 538 2575 laniant.
578 2516 633 2594 (25
643 2516 733 2593 -·27)
759 2514 805 2572 De
833 2512 979 2587 bombyce
1006 2513 1129 2588 Assyria

125 2592 200 2684 (26.
220 2598 257 2658 de
273 2597 446 2673 bombyliis,
465 2598 624 2674 nccydalis.
652 2615 726 2675 quae
743 2597 834 2674 prima
850 2596 992 2656 invenerit
1007 2596 1127 2672 bomby-

125 2685 220 2744 cinum
240 2690 363 2742 vestem.
396 2682 445 2742 27.
463 2684 500 2742 de
526 2681 669 2757 bombyce
685 2678 756 2742 Coa.
787 2680 933 2760 quomodo
960 2682 1128 2742 coniiciatur

89 2764 189 2827 acca
204 2761 329 2854 vestis).
361 2765 426 2845 (28.
444 2766 500 2844 29)
518 2766 563 2825 De
584 2766 699 2826 araneis
717 2757 788 2850 (qui
804 2783 842 2824 ex
857 2764 901 2826 his
916 2775 1024 2827 texant.
1053 2783 1128 2844 quae

124 2851 265 2911 materiae
288 2859 387 2909 natura
410 2850 445 2908 ad
468 2851 633 2910 texendum.
671 2849 721 2911 29.
744 2850 897 2927 generatio
923 2843 1126 2935 araneorum).

125 2933 200 3015 (30)
218 2934 265 2994 De
281 2932 493 3011 scorpionibus.
529 2933 601 3014 (31)
623 2933 660 2994 de
682 2933 875 2993 stellionibus.
909 2933 981 3014 (32)
998 2935 1035 2992 10
1052 2933 1127 2991 cica-

125 3020 180 3080 dis.
214 3019 276 3077 sine
295 3034 346 3076 ore
364 3034 448 3091 esse,
472 3018 534 3076 sine
552 3019 629 3077 exitu
646 3017 713 3076 cibi.
746 3017 818 3098 (33)
838 3017 875 3076 de
890 3018 984 3095 pinnis
1001 3018 1127 3075 insecto-

124 3120 198 3163 rum.
227 3100 299 3181 (34)
317 3100 353 3159 de
370 3101 548 3161 scarabaeis.
572 3101 759 3179 lampyrides,
775 3102 888 3178 reliqua
905 3100 1128 3159 scarabaeorum

91 3186 260 3264 sagenaris,
274 3184 381 3259 asilus,
407 3185 581 3263 papiliones.
617 3183 689 3265 (35)
707 3184 743 3245 dc
761 3185 892 3244 locustis.
927 3183 998 3263 (36)
1016 3183 1052 3242 10
1069 3182 1126 3240 101·

125 3270 219 3330 micis.
252 3266 324 3348 (37)
347 3265 556 3343 chrysallides.
589 3267 661 3349 (38)
678 3268 724 3329 De
752 3269 790 3328 iis
816 3265 984 3326 animalibus
1000 3284 1073 3346 quae
1090 3281 1128 3324 cx

126 3354 207 3431 ligno
223 3361 271 3412 aut
285 3352 314 3410 in
329 3351 408 3429 ligno
423 3362 587 3414 nascuntur.
614 3351 687 3432 (39)
704 3353 837 3412 Sordium
852 3350 974 3411 hominis
987 3350 1126 3411 animalia.

127 3437 206 3516 quod
229 3436 333 3496 animal
351 3436 514 3512 minimum.
545 3438 664 3497 aestatis
687 3436 829 3498 animalia.
865 3434 936 3516 (40)
953 3433 1065 3495 Animal
1082 3433 1127 3494 cui
