2400 3856
341 220 421 270 nus.
437 221 525 269 msa.
541 221 591 267 nr.
613 171 732 266 aassss1o.
749 214 896 282 (ao-aa.)
1065 210 1125 276 149

113 378 213 439 Histro
229 381 258 437 in
273 375 407 436 Hadriam
423 374 594 435 elllueutee
606 372 738 434 Danuvio
751 393 832 435 amne
849 376 1011 456 eodemque
1024 377 1124 439 Histro

115 463 307 524 exadversum
324 460 393 519 Padi
414 459 530 535 fauces,
553 460 700 518 contrario
718 477 819 519 eorum
839 478 981 539 percussu
998 465 1067 522 mari
1085 466 1126 522 in·

115 549 241 607 teriecto
258 545 465 618 dulcescente,
488 541 624 619 plerique
642 542 745 603 dixere
761 544 855 621 falso,
877 553 908 604 et
922 543 1024 622 Nepos
1040 549 1126 605 etiam

114 630 184 691 Padi
205 628 316 689 adcola.
344 627 439 687 nullus
456 627 533 685 enim
553 644 590 684 ex
603 624 735 686 Danuvio
749 630 839 687 amnis
855 629 884 687 in
900 647 978 688 mare
993 629 1110 689 Hadria·
1129 639 1178 690 128

80 724 92 764 ⁵
116 717 203 774 ticum
218 711 380 774 effunditur.
416 710 558 788 deceptos
577 709 686 783 credo,
713 714 848 789 qnoniam
865 710 948 788 Argo
970 714 1051 772 navis
1075 712 1126 771 llu-

114 799 190 857 mine
203 799 233 857 in
246 815 325 856 mare
340 793 534 854 Hadriaticum
546 791 696 853 descendit
710 811 767 869 nou
780 794 882 871 procul
898 793 1056 872 Tergeste,
1073 815 1128 856 nec

114 883 170 941 iam
192 888 307 941 constat
330 896 387 957 quo
411 878 535 938 llnmiue.
575 877 682 935 umeris
706 885 864 937 travectam
889 877 982 956 Alpes
1006 879 1128 956 diligen·

115 968 208 1024 tiores
230 963 362 1038 tradunt,
386 962 503 1021 subisse
519 969 614 1020 autem
630 958 748 1036 Histro,
769 960 836 1020 dein
852 960 947 1039 Savo,
962 963 1038 1022 dein
1052 963 1127 1022 Nau·

114 1057 219 1127 porto,
242 1049 287 1106 cai
305 1064 410 1106 nomeu
431 1064 469 1105 ex
486 1062 521 1104 ea
537 1062 622 1104 causa
641 1051 687 1103 est
707 1046 784 1104 inter
799 1044 959 1105 Aemonam
974 1046 1128 1125 Alpesque

77 1154 101 1192 10
115 1133 270 1192 exorienti.
327 1160 329 1164 ·

177 1214 225 1276 19.
244 1212 327 1291 (23.)
342 1211 452 1271 Histria
468 1220 499 1270 ut
512 1210 664 1287 peninsula
678 1213 818 1273 excurrit.
839 1212 1032 1274 Latitudinem
1049 1217 1111 1275 eius
1121 1222 1179 1280 ,129

115 1297 165 1359 XL
183 1297 212 1356 Μ
228 1316 318 1376 pass,
335 1297 484 1355 circuitum
503 1292 610 1357 CXXV
625 1292 654 1352 Μ
668 1294 826 1373 prodidere
842 1296 972 1375 quidam,
993 1301 1063 1359 item
1080 1300 1128 1358 ad-

115 1383 264 1441 haerentis
273 1378 428 1439 Liburniae
441 1377 619 1436 etTlanatici
631 1379 742 1452 sinuas,
752 1378 800 1436 alii
811 1377 955 1456 CCXXV,
967 1382 1015 1442 alii
1028 1382 1128 1442 Libur-

116 1467 182 1524 niae
200 1460 331 1522 CLXXX
345 1460 374 1519 Μ
390 1479 468 1540 pass.
492 1459 621 1532 nonnulli
639 1463 667 1518 in
683 1459 860 1520 Flanaticum
877 1464 969 1522 sinum
984 1466 1129 1544 Iapudiam

79 1579 104 1616 15
118 1565 293 1627 promovere
313 1565 329 1605 a
348 1553 434 1623 tergo
456 1543 584 1604 Histriae
600 1542 709 1604 CXXX
723 1543 752 1603 Μ
766 1563 857 1622 pass,
880 1544 947 1605 dein
964 1547 1130 1608 liburniam

118 1631 163 1694 CL
180 1630 209 1690 Μ
224 1632 335 1690 fecere.
371 1628 529 1689 Tuditanus
546 1629 593 1706 qni
610 1628 719 1687 domuit
734 1627 850 1688 Histros
867 1631 897 1689 in
912 1638 1006 1690 statua
1021 1649 1072 1691 sua
1087 1632 1128 1692 ibi

117 1717 285 1793 inscripsit:
315 1713 368 1774 Ab
390 1712 566 1792 Aquileia
594 1710 635 1770 ad
658 1710 798 1787 Tityum
823 1712 959 1773 llumen
982 1715 1070 1776 stad.
1090 1714 1127 1776 Μ.

118 1799 231 1878 Oppida
246 1796 374 1857 Histriae
392 1798 495 1856 civium
515 1794 711 1854 Romanorum
726 1795 856 1873 Aegida,
879 1796 1061 1875 Parentium,
1080 1818 1129 1859 co-

117 1883 196 1942 lonia
211 1881 283 1942 Pola
297 1899 370 1958 qnae
383 1898 458 1939 nnnc
469 1879 568 1938 Pietas
585 1878 668 1956 lulia,
684 1879 826 1958 quondam
846 1879 991 1941 aCclchis
1004 1883 1129 1943 condita.

78 1979 104 2018 20
119 1966 204 2025 abest
218 1983 234 2025 a
247 1964 393 2042 Tergeste
408 1960 431 2022 C
447 1961 476 2021 Μ
491 1981 568 2041 pass.
589 1980 657 2022 mox
670 1964 807 2042 oppidum
822 1962 996 2035 Nesactium
1009 1974 1039 2026 et
1055 1986 1131 2027 nunc

117 2051 182 2110 linis
199 2049 301 2109 ltaliae
318 2047 421 2108 lluvius
441 2046 538 2107 Arsia.
576 2045 676 2108 Polam
691 2047 727 2106 ab
750 2047 872 2109 Ancona
892 2051 1031 2110 traiectus
1049 2049 1130 2111 CXX

116 2133 146 2192 Μ
175 2151 252 2211 pass.
281 2141 336 2193 est.
380 2130 413 2191 ln
437 2131 652 2192 mediterraneo
673 2133 805 2208 regionis
828 2132 957 2194 decimae
979 2135 1114 2195 coloniae
1132 2144 1181 2197 tao

118 2214 272 2294 Cremona,
284 2216 381 2276 Brixia
395 2213 625 2276 Cenomanorum
634 2233 717 2293 agro,
730 2214 910 2276 Venetorum
920 2226 1015 2278 autem
1022 2220 1130 2281 Ateste

118 2309 148 2360 et
165 2301 272 2379 oppida
289 2299 423 2375 Acelum,
439 2298 602 2373 Patavium,
619 2298 813 2376 Opitergium,
828 2300 984 2378 Bolanum,
1003 2301 1128 2364 Vicetia.

79 2408 105 2446 aa
117 2382 232 2444 Mantua
245 2383 405 2441 Tuscorum
421 2391 499 2441 trans
512 2381 618 2441 Padum
634 2382 697 2439 sola
711 2383 834 2460 reliqua.
855 2382 989 2444 Venetos
1004 2384 1130 2447 Troiana

118 2469 211 2545 stirpe
230 2475 312 2526 ortos
328 2473 491 2524 auctorest
506 2460 598 2539 Cato,
616 2462 799 2524 Cenomanos
815 2467 895 2526 iuxta
909 2465 1065 2528 Massiliam
1081 2469 1129 2529 lra-

117 2550 228 2609 bitasse
244 2551 274 2608 in
287 2547 400 2608 Volcis.
428 2546 539 2607 Fertiui
556 2554 586 2607 et
598 2546 758 2607 Tridentini
775 2556 805 2606 et
815 2547 994 2627 Beruenses,
1008 2551 1129 2615 Raetica

118 2633 241 2711 oppida,
261 2632 421 2692 Raetorum
437 2639 468 2691 et
489 2630 693 2707 Euganeorum
709 2629 843 2709 Verona,
862 2630 1005 2694 Iulienses
1021 2632 1129 2696 Carno-

117 2735 188 2776 rum.
212 2718 290 2793 dein,
306 2733 379 2794 quos
395 2715 594 2794 scrupulosius
606 2715 705 2774 dicere
721 2732 779 2775 non
795 2717 925 2794 attineat,
941 2717 1128 2799 Alntrenses‚

77 2823 104 2862 aa
117 2799 300 2878 Asseriates,
315 2799 535 2860 Flamonienses
547 2797 712 2858 Vanienses
725 2807 755 2858 et
769 2799 818 2859 alii
834 2804 1008 2878 cognomine
1025 2802 1127 2880 Culici,

117 2884 339 2944 Foroiulienses
356 2884 529 2961 cognomine
544 2880 758 2961 Transpadani,
776 2883 933 2962 Foratani,
955 2885 1126 2964 Nedinates,

118 2965 302 3046 Quarqueni,
330 2966 496 3042 Taruisani,
516 2963 699 3043 Togienses,
720 2965 851 3027 Varvari.
874 2968 907 3027 ln
924 2968 980 3028 lroc
998 2971 1057 3028 situ
1074 2973 1116 3030 iu·
1129 2982 1176 3033 131

117 3053 227 3112 teriere
253 3070 308 3130 per
327 3069 407 3111 oram
420 3049 550 3124 Irmene,
578 3049 715 3126 Pellaon,
742 3049 911 3128 Palsicium,
939 3071 977 3111 ex
1002 3052 1127 3114 Venetis

117 3133 205 3194 Atina
221 3145 251 3195 et
269 3132 407 3211 Caelina,
426 3131 528 3192 Carnis
550 3132 677 3211 Segesta
692 3142 722 3194 et
738 3132 828 3210 Ocra,
846 3133 991 3194 Tauriscis
1006 3135 1125 3198 Noreia.

79 3248 104 3286 35
119 3227 148 3277 et
162 3218 197 3277 ab
212 3218 349 3297 Aquileia
361 3217 397 3276 ad
410 3217 608 3277 duodecimum
621 3217 743 3296 lapidem
757 3217 883 3277 deletum
891 3219 1028 3296 oppidum
1041 3224 1126 3281 etiam

117 3303 209 3362 invito
221 3310 323 3362 senatu
340 3299 402 3361 all.
419 3299 541 3361 Claudio
553 3299 692 3361 Marcello
706 3300 736 3361 t.
750 3301 818 3360 Piso
833 3310 935 3361 auctor
947 3311 1000 3362 est.
1024 3304 1057 3364 ln
1072 3304 1126 3366 hac

117 3388 242 3462 regione
258 3395 288 3446 et
301 3385 341 3445 Xl
353 3385 451 3446 laeuus
463 3384 562 3444 incluti
576 3393 642 3445 sunt
654 3403 810 3462 amnesque
826 3402 925 3445 eornm
942 3396 1061 3465 partnns
1078 3399 1126 3449 aut

119 3468 221 3529 alumni
228 3513 238 3548 ,
261 3470 387 3531 simodo
406 3477 544 3548 acceptos
561 3469 702 3548 reddunt,
722 3477 751 3528 nt
767 3468 897 3530 Addnam
912 3469 1029 3550 Larius,
1052 3471 1126 3532 Tici-
