2400 3856
316 194 398 242 nar.
413 194 504 243 aran.
521 196 545 242 1.
568 180 694 265 (xxxn.
710 185 852 269 xxxrrr.)
1065 192 1104 253 57

105 346 221 429 quando
244 349 365 427 primurn
385 357 534 426 argentum
555 353 722 427 apparuerit
746 354 774 412 in
796 353 921 431 harena,
946 357 1060 435 quando
1077 360 1106 417 in

104 449 221 493 scaena.
255 432 302 491 17.
321 432 425 511 quihus
445 432 625 511 temporibus
647 434 807 512 plurimum
827 439 854 496 in
876 443 989 500 aerario
1006 443 1106 520 populi

103 515 227 576 Romani
241 517 302 576 anri
319 525 349 575 et
363 516 476 593 argenti
496 515 591 575 luerit.
622 515 669 577 18.
688 519 801 597 qnando
825 523 946 598 primurn
961 524 1106 585 lacunaria

102 601 241 660 inaurata.
261 599 308 659 19.
326 599 430 677 quihus
446 599 482 659 de
498 601 593 660 causis
611 603 768 680 praecipua
784 606 940 666 auctoritas
954 625 1034 667 auro.
1054 608 1104 669 20.

78 684 177 748 aratio
190 682 346 744 inaurandi.
372 682 422 742 21.
437 683 473 743 de
486 683 659 744 inveniendo
671 703 752 745 auro.
771 686 820 746 22.
835 689 872 748 de
885 691 1104 767 auripigmento.

101 767 153 828 23.
168 767 205 827 de
221 767 344 827 electro.
371 765 422 827 24.
435 767 545 844 primae
561 785 668 828 aureae
680 778 800 830 statuae.
824 771 873 831 25.
890 772 1052 834 medicinae
1069 794 1106 835 ex

102 868 174 911 auro
190 844 291 994 Vlllg.
322 849 477 930 (26-ι29)
494 851 539 910 De
556 852 742 927 chrysocolla
758 847 830 935 (27.
848 857 921 915 ratio
938 857 1000 916 eins
1018 859 1046 915 in
1062 860 1105 936 pi-

102 934 202 993 cturis.
234 932 254 992 2
278 977 284 991 .
301 933 462 995 medicinae
486 954 524 994 ex
544 936 728 1010 chrysocolla
742 931 806 1013 Vll,
838 937 888 998 29.
906 939 943 999 de
959 941 1106 1001 aurificum

101 1017 289 1093 chrysocolla
302 1019 364 1077 sive
376 1015 542 1105 santerna).
560 1020 632 1098 (30)
645 1019 787 1081 hlirahilia
798 1032 916 1083 naturae
931 1023 1107 1100 glutinandis

67 1103 178 1163 rointer
198 1119 231 1161 se
256 1110 284 1161 et
302 1101 488 1180 perficiendis
509 1104 663 1165 metallicis
687 1104 784 1165 rehns.
818 1105 890 1186 (31)
906 1106 951 1167 lle
972 1118 1105 1186 argento.

101 1183 175 1265 (32)
192 1185 238 1244 lle
253 1194 376 1263 argento
393 1187 470 1245 vivo.
491 1185 563 1266 (33)
580 1187 625 1247 De
638 1189 713 1247 stimi
728 1191 790 1249 sive
803 1190 870 1249 stihi
883 1193 945 1251 siue
958 1193 1105 1252 alabastro

99 1270 166 1329 sire
181 1267 289 1330 larhasi
306 1270 369 1329 sire
386 1269 644 1348 platyophthalmo.
674 1272 746 1351 (34)
763 1273 925 1334 medicinae
942 1295 979 1335 ex
992 1294 1029 1336 eo
1040 1275 1105 1336 Vll.

100 1351 175 1432 (35)
192 1352 238 1412 De
256 1355 352 1413 scoria
368 1354 489 1430 argenti.
516 1354 677 1415 medicinae
694 1373 731 1414 ex
749 1373 785 1415 ea
799 1356 849 1415 vl.
880 1356 925 1417 lle
945 1378 1045 1438 spuma
1061 1377 1106 1419 ar·

100 1437 192 1514 genti.
207 1436 368 1496 medicinae
385 1454 423 1495 ex
440 1455 475 1496 ea
488 1436 551 1496 Vll.
578 1438 733 1517 (oo-41)
749 1438 795 1497 Dc
812 1440 898 1498 minio
915 1433 1022 1524 (quarn
1037 1443 1105 1502 reli·

65 1519 557 1664 *attatttrttur‘tu
575 1520 1104 1667 {tritura

143 1646 152 1661 .
213 1646 220 1659 .
280 1634 285 1643 ·
447 1648 456 1678 ,
781 1625 789 1664 r
879 1625 895 1665 e
928 1624 957 1664 1n
974 1626 1022 1686 prc
1035 1627 1104 1668 uns.

97 1685 152 1749 40.
168 1704 279 1765 genera
293 1687 361 1747 mini
369 1730 379 1765 ,
401 1689 477 1747 ratio
492 1691 555 1748 eius
570 1692 599 1748 in
613 1691 743 1769 picturis.
775 1688 826 1753 41.
843 1688 986 1750 medicina
1002 1707 1041 1749 ex
1055 1691 1112 1749 mi·

98 1772 158 1833 ttio-
181 1768 218 1829 de
233 1765 447 1856 hydrargyro).
479 1770 552 1850 (42)
572 1773 608 1832 de
623 1782 745 1849 argento
767 1771 934 1834 inaurando.
967 1771 1041 1852 (43)
1062 1771 1107 1830 De

103 1861 239 1923 coticulis
254 1863 383 1922 aurariis.
413 1860 569 1938 (nt-55)
587 1857 710 1934 Argenti
724 1875 835 1933 genera
856 1866 886 1916 et
907 1859 1109 1935 experimenta

65 1941 177 2031 1ο(45.
195 1945 233 2005 de
248 1946 387 2024 speculis.
419 1944 469 2005 46.
489 1942 525 2003 de
543 1942 692 2019 Aegyptio
714 1948 847 2017 argento.
880 1942 931 2000 47.
957 1939 994 1999 de
1017 1941 1107 1998 inmo-

102 2032 168 2092 dica
191 2031 324 2108 pecunia.
354 2045 475 2106 quorum
498 2027 639 2086 maximae
675 2042 748 2103 opes
771 2023 886 2083 luerint.
918 2022 968 2085 48.
993 2022 1108 2102 quando

100 2114 224 2194 primum
240 2113 365 2191 populus
382 2110 527 2171 Romanus
543 2111 647 2188 stipem
665 2108 815 2188 sparserit.
831 2107 882 2167 49.
900 2107 936 2167 de
953 2107 1064 2166 luxuria
1079 2106 1108 2164 in

99 2196 182 2258 vasis
198 2197 355 2273 argenteis.
384 2195 434 2254 50.
454 2194 625 2271 frugalitatis
641 2194 775 2272 antiquae
786 2192 815 2250 in
827 2199 949 2268 argento
962 2189 1106 2267 exempla.

102 2281 154 2343 51.
182 2279 297 2358 qnando
323 2279 442 2357 primum
468 2278 553 2338 lectis
578 2287 727 2354 argentum
749 2276 884 2336 additum.
918 2273 968 2332 52.
993 2272 1108 2350 quaudo

66 2364 205 2425 aslances
221 2363 384 2423 inmodicae
400 2363 505 2422 iactae.
531 2362 644 2438 quando
660 2358 846 2437 repositoriis
861 2365 1012 2432 argentum
1028 2353 1107 2414 addi-

102 2457 171 2507 turn.
191 2447 306 2524 wando
321 2455 457 2525 tympana
472 2444 557 2504 facta.
582 2442 631 2503 53.
649 2442 791 2501 inmodica
807 2439 920 2515 argenti
935 2439 1039 2515 pretia.
1057 2436 1107 2496 54.

102 2531 140 2591 de
157 2531 259 2590 statuis
274 2531 431 2607 argenteis.
448 2529 498 2588 55.
512 2526 678 2586 nobilitates
690 2541 811 2603 operum
827 2530 856 2580 et
866 2521 1006 2581 artilicnm
1019 2520 1048 2579 iu
1063 2537 1108 2580 ar-

102 2607 226 2698 genio).
250 2613 323 2691 (56)
340 2612 385 2673 De
402 2612 466 2673 sile.
483 2611 531 2691 qui
548 2609 629 2689 primi
646 2609 700 2668 sile
713 2607 858 2686 pinxerint
874 2613 903 2664 et
917 2623 973 2684 qua
984 2606 1107 2664 ratione.

104 2696 172 2774 (57.
190 2695 246 2777 58)
264 2696 310 2756 De
328 2696 476 2756 cacruleo.
506 2694 666 2755 medicinae
683 2711 720 2752 en
736 2708 773 2751 eo
790 2689 826 2750 ll.
860 2691 990 2750 Summa:
1018 2689 1108 2750 medi·

65 2781 186 2841 socinae
205 2788 234 2840 et
255 2780 395 2840 historiae
418 2788 447 2839 et
469 2779 691 2839 ohservationes
707 2772 942 2838 cclxxxvltt

164 2862 214 2923 Ex
230 2862 411 2925 auctoribus:
440 2863 603 2923 Domitiano
620 2860 758 2936 Caesare,
774 2859 855 2921 lunio
872 2859 1060 2933 Gracchano,
1076 2856 1107 2916 h.

98 2950 222 3027 Pisone,
240 2948 279 3013 ll.
295 2948 446 3024 Varrone,
468 2945 612 3022 Corvino,
630 2944 731 3004 Attico
747 2942 927 3021 Pomponio,
952 2941 1043 3002 Calvo
1064 2939 1109 2999 tt-

99 3034 195 3111 tinio,
217 3030 360 3093 Cornelio
374 3030 511 3109 Nepote,
537 3027 670 3089 Muciano
678 3069 688 3103 ,
703 3025 840 3103 Boccho,
860 3025 994 3101 Fetiale,
1017 3024 1111 3084 Fene·

101 3118 205 3193 stella,
220 3116 341 3178 Valerio
357 3115 498 3192 hlaximo,
522 3114 594 3175 lulio
610 3115 700 3175 Basso
717 3116 765 3194 qui
783 3113 821 3174 de
835 3113 979 3172 medicina
995 3109 1109 3171 Graece

63 3201 233 3279 asscripsit,
250 3201 352 3261 Sextio
367 3199 458 3277 Nigro
475 3201 523 3278 qui
537 3201 615 3259 item.
642 3198 793 3258 Externis:
818 3195 1033 3274 Theophrasto,
1050 3192 1108 3253 lle·

101 3286 243 3361 mocrito,
259 3283 344 3360 luha,
372 3283 490 3344 Timaeo
513 3283 653 3343 historico
674 3284 723 3361 qui
746 3281 782 3341 de
804 3279 947 3340 medicina
962 3277 1108 3338 metallica

102 3368 236 3447 scripsit,
253 3366 427 3442 Heraclide,
449 3367 582 3441 Andrea,
598 3365 744 3443 Diagora,
760 3363 885 3438 Botrye,
909 3362 1107 3437 Archedemo,

100 3448 256 3529 Dionysio,
268 3450 456 3528 Aristogene,
469 3449 623 3525 Democle,
635 3448 779 3522 lllneside,
793 3446 891 3509 Attalo
907 3447 1033 3523 medico,
1049 3445 1107 3506 Xe·

1155 3688 1184 3813 i
