2400 3856
121 175 182 239 103
403 225 407 231 .
469 189 498 236 c.
516 189 617 235 ¹1²n11v1
640 186 786 235 suoounr

122 347 198 406 enim
215 361 345 422 umquam
365 344 566 403 intremiscunt
588 350 685 403 terrae
705 342 760 400 nisi
783 340 880 419 sopito
896 337 967 399 marl
985 339 1127 418 caeloque

121 430 195 488 adeo
217 428 373 505 tranquillo
396 435 426 485 ut
446 427 580 487 volatuus
604 427 697 485 avium
721 442 779 484 non
808 423 954 503 pendeant
978 423 1127 483 subtracto

123 514 198 572 omni
215 513 318 590 spiritu
337 513 385 588 qui
399 510 491 586 vehit,
508 526 563 569 nec
580 527 712 586 umquam
723 509 778 567 nisi
792 516 859 586 post
874 515 992 582 ventos,
1009 507 1127 566 condito

122 596 236 656 scilicet
250 597 280 655 in
296 613 387 655 venas
403 602 432 654 et
447 611 517 654 aava
535 594 598 653 elus
613 593 726 653 occulta
741 591 817 651 llatu.
841 609 936 670 neque
952 590 1029 650 aliud
1042 599 1088 650 est
1100 591 1129 649 in

122 687 201 740 terra
219 688 329 739 tremor
345 696 429 756 quam
444 678 473 737 in
489 676 566 737 nube
583 680 752 753 tonitruum,
766 694 821 735 nec
837 674 931 735 hiatus
947 673 1024 734 aliud
1044 691 1151 752 quamn

122 782 185 823 cum
199 764 308 824 fulmen
326 763 449 841 erumpit
466 761 579 821 incluso
595 762 699 839 spiritu
721 760 848 820 luctante
865 767 895 819 et
910 758 946 819 ad
961 757 1130 818 libertatem

123 850 206 907 exire
224 849 345 908 nitente.

83 937 129 990 193
172 929 222 992 80.
234 929 317 1009 (82.)
329 929 420 991 Varie
432 933 530 1007 itaque
543 930 680 1007 quatitur,
693 937 723 989 et
732 931 803 989 mira
813 929 935 988 eduntur
945 945 1047 1006 opera,
1060 926 1129 986 alibi

121 1017 277 1093 prostratis
290 1014 453 1091 moenibus,
469 1014 538 1073 alibi
553 1013 632 1072 hiatu
645 1012 789 1090 prolundo
802 1010 924 1088 haustis,
937 1011 1005 1071 alibi
1018 1011 1130 1087 egestis

121 1098 263 1174 molibus,
286 1097 356 1157 alibi
375 1098 489 1156 emissis
504 1096 652 1173 amnibus,
675 1113 886 1173 nonnumquam
904 1095 990 1155 etiam
1012 1095 1130 1172 ignibus
1140 1129 1163 1170 m

122 1180 261 1241 calidisve
283 1180 431 1258 lontibus,
454 1180 542 1240 aliubi
561 1198 667 1240 averso
685 1178 828 1238 lluminum
851 1197 945 1238 cursu.
978 1175 1129 1257 praecedit

121 1282 194 1324 vero
207 1266 418 1342 comitaturque
430 1264 572 1324 terribilis
584 1280 684 1340 sonus,
696 1263 766 1323 alias
778 1263 913 1322 murmuri
930 1262 1043 1337 similis,
1057 1262 1128 1321 alias

121 1349 277 1424 mugitibus
293 1357 340 1408 aut
354 1349 472 1408 clamori
488 1347 610 1408 humano
623 1365 804 1423 armorumve
816 1347 990 1426 pulsantium
1005 1346 1128 1422 lragori,

122 1450 176 1510 pro
196 1432 334 1509 qualitate
350 1434 489 1492 materiae
505 1432 680 1510 excipientis
701 1432 852 1510 formaque
875 1429 924 1489 vel
941 1447 1129 1490 cavernarum

123 1516 171 1576 vel
192 1516 315 1576 cuniculi
337 1534 392 1594 per
413 1534 498 1593 quem
519 1524 614 1593 meet,
641 1514 746 1576 exilius
765 1521 918 1592 grassante
940 1515 969 1573 in
992 1520 1161 1590 angusto,15

123 1600 226 1660 eodem
247 1617 334 1660 rauco
357 1602 386 1658 iu
414 1601 563 1676 recurvis,
586 1600 748 1660 resultante
767 1601 797 1658 iu
821 1598 917 1674 duris,
944 1598 1079 1657 fervente
1100 1597 1130 1655 iu

122 1684 240 1760 umidis,
265 1683 420 1744 fluctuante
449 1686 478 1743 in
506 1683 726 1760 stagnantibus,
753 1683 870 1742 furente
899 1690 1000 1740 contra
1025 1679 1126 1740 solida.

80 1773 131 1824 194
144 1768 245 1844 ltaque
262 1775 292 1827 et
308 1769 372 1827 sine
386 1777 466 1827 motu
482 1786 571 1846 saepe
592 1766 687 1828 editur
702 1783 800 1826 sonus.
831 1783 887 1827 nec
902 1765 1024 1844 simplici
1042 1763 1129 1825 modo

122 1853 249 1930 quatitur
262 1869 402 1928 umquam,
415 1851 468 1912 sed
480 1853 578 1912 tremit
590 1852 752 1928 vibratque.
768 1849 862 1910 hiatus
873 1867 946 1909 vero
958 1849 1029 1908 alias
1039 1865 1130 1908 rema·

122 1943 172 1994 net
190 1935 348 1996 ostendens
365 1953 439 2013 quae
456 1936 581 2012 sorbuit,
595 1935 666 1995 alias
684 1934 810 1995 occultat
826 1951 878 1994 ore
894 1950 1056 2012 conpresso
1069 1951 1162 1997 rur-ao

123 2036 233 2095 susque
247 2021 287 2077 ita
303 2018 419 2078 inducto
436 2019 501 2078 solo
512 2027 543 2078 ut
557 2019 635 2078 nulla
647 2020 774 2094 vestigia
789 2025 918 2094 exstent,
934 2016 1054 2077 urbibus
1068 2016 1130 2095 ple·

122 2118 242 2177 rumque
258 2101 406 2160 devoratis
422 2119 616 2179 agrorumque
630 2110 721 2161 tractu
737 2102 849 2162 hausto.
879 2101 1019 2160 maritima
1035 2108 1130 2160 autem

122 2186 244 2243 maxime
264 2186 445 2262 quatiuntur,
469 2204 524 2246 nee
544 2193 696 2246 montuosa
718 2186 768 2245 tali
791 2185 866 2245 malo
888 2193 996 2245 carent.
1029 2184 1131 2263 explo-

80 2272 130 2324 195
141 2276 235 2327 ratum
255 2267 323 2327 mihi
350 2276 395 2327 est
417 2268 511 2348 Alpes
532 2268 794 2349 Appenninumque
819 2270 936 2347 saepius
964 2268 1129 2329 tremuisse.

122 2350 160 2411 Et
175 2361 309 2412 autumno
325 2371 359 2412 ac
374 2371 446 2413 vere
462 2362 559 2413 terrae
575 2353 708 2420 crebrius
726 2361 896 2430 moventur,
913 2354 988 2413 sicut
1003 2351 1129 2412 lulmina.
1140 2369 1163 2410 aa

121 2435 189 2496 ideo
215 2435 325 2498 Galliae
344 2446 373 2497 et
393 2436 548 2517 Aegyptus
575 2439 691 2498 minime
714 2439 897 2517 quatiuntur,
926 2436 1061 2515 quoniam
1084 2435 1131 2495 bic

123 2522 244 2581 aestatis
260 2539 347 2582 eausa
362 2521 476 2598 obstat,
497 2521 558 2581 illic
573 2521 685 2582 hiemis.
719 2523 789 2582 item
805 2529 893 2581 noctu
911 2521 1028 2598 saepius
1039 2537 1131 2597 quam

122 2604 265 2681 interdiu,
280 2607 394 2665 maximi
411 2613 506 2665 autem
520 2614 635 2665 motuus
653 2606 797 2665 exsistunt
810 2603 940 2664 matutini
956 2603 1131 2681 vespertini·

123 2703 197 2762 que,
222 2687 274 2746 sed
289 2689 452 2766 propinqua
473 2689 539 2749 luce
554 2687 669 2764 crebri,
691 2688 817 2749 interdiu
834 2695 930 2748 autern
950 2682 1028 2747 osrca
1046 2687 1132 2747 meri·

122 2766 207 2828 diem.
237 2769 307 2828 liunt
327 2778 357 2829 et
375 2771 447 2830 solis
468 2771 613 2849 lunaeque
634 2770 768 2849 defectu,
790 2773 924 2851 quoniam
939 2778 1164 2850 tempestatesao

122 2860 191 2912 tuuc
209 2853 377 2931 sopiuntur,
395 2854 555 2933 praecipue
574 2871 647 2934 vero
664 2872 727 2915 cum
742 2858 876 2934 sequitur
891 2853 1012 2915 imbrem
1031 2863 1132 2915 aestus

120 2936 269 2998 imbresve
283 2945 404 2999 aestum.

83 3025 131 3078 196
188 3018 239 3082 81.
262 3017 343 3100 (83.)
361 3021 539 3101 Navigantes
561 3040 678 3102 quoque
699 3024 827 3085 sentiunt
846 3041 904 3083 non
925 3021 1012 3083 dubia
1034 3023 1133 3082 conie-

123 3113 204 3164 ctura
220 3107 284 3166 sine
300 3105 369 3165 llatu
385 3108 597 3168 intumescente
614 3107 702 3168 lluctu
718 3107 815 3168 subito
831 3115 880 3166 aut
897 3107 1046 3184 quatiente
1062 3107 1130 3167 ictu.

123 3189 279 3250 intremunt
294 3207 368 3250 vero
383 3199 414 3250 et
430 3192 461 3250 iu
476 3190 598 3251 navibus
610 3192 707 3269 posita
726 3209 820 3269 aeque
836 3207 920 3268 quarn
934 3191 965 3251 in
980 3188 1131 3264 aediliciis,
1141 3204 1165 3248 aa

122 3274 294 3350 crepituque
314 3276 526 3351 praenuntiant.
555 3277 623 3352 quin
641 3283 671 3335 et
689 3274 825 3335 volueres
843 3292 902 3334 non
917 3272 1071 3350 inpavidae
1088 3289 1134 3331 se·

122 3352 202 3413 deut.
236 3354 290 3416 Est
308 3366 338 3417 et
358 3360 388 3419 in
407 3359 493 3421 caelo
510 3359 623 3435 signum
640 3360 849 3438 praeceditque
867 3365 947 3419 motu
969 3355 1067 3417 tuturo
1086 3362 1134 3416 aut
