2400 3856
121 154 162 218 96
467 170 497 227 o.
519 171 616 216 runo
638 168 785 216 sucorum

122 343 193 384 mus.
225 332 324 385 cetera
341 325 432 403 ipsius
451 325 544 384 mundi
566 326 703 402 portione
717 326 809 387 minus
827 339 969 399 prospera
991 331 1038 381 aut
1057 323 1129 383 dira.

125 405 272 477 Quaedam
285 409 400 486 fulgura
419 411 569 468 enuntiare
590 425 648 467 non
664 414 764 485 putant
778 407 821 465 fas
840 424 894 465 nec
913 406 1029 481 audire,
1047 424 1129 484 prae·

124 499 256 569 terquam
274 494 298 551 si
318 493 427 570 hospiti
446 493 608 551 indicentur
631 499 680 549 aut
694 491 817 569 parenti.
848 487 951 566 Magna
972 489 1055 548 huius
1078 490 1130 548 ob·

124 577 298 635 servationis
317 577 427 636 vanitas
445 585 519 636 tacta
535 575 654 634 Iunonis
668 574 742 634 aede
758 573 867 632 Romae
884 573 1068 651 deprebensa
1085 582 1131 634 est

125 657 235 718 Scauro
257 660 378 719 consule
399 662 446 737 qui
468 678 536 719 mox
558 661 693 737 princeps
715 658 776 717 fuit.
816 656 910 715 Noctu
931 659 1023 733 magis
1047 675 1152 739 quomis

83 747 131 799 145
144 743 269 802 interdiu
292 745 354 804 sine
376 744 531 803 tonitribus
548 742 683 819 fulgurat.
725 739 817 800 Unum
833 741 951 815 animal,
974 740 1129 818 bominem,

125 843 182 884 non
206 845 323 905 semper
344 829 522 904 exstinguit,
547 834 648 885 cetera
666 826 752 900 ilico,
777 825 851 884 bono
873 824 1011 883 videlicet
1031 833 1131 884 natura

125 910 272 970 tribuente
288 910 446 987 bonorem,
461 928 525 969 cum
540 918 583 968 tot
600 907 704 969 beluae
720 908 831 969 viribus
847 917 1006 986 praestent.
1036 910 1130 968 omnia

124 996 285 1053 contrarias
301 993 435 1053 incubant
450 1002 566 1070 partes,
585 993 672 1052 homo
689 995 743 1051 nisi
762 1000 950 1051 convertatur
967 993 995 1050 iu
1012 1009 1130 1069 percus·

125 1095 172 1136 sas
190 1090 248 1135 non
264 1079 410 1154 exspirat,
428 1094 556 1154 superne
572 1079 621 1136 icti
638 1077 799 1135 considunt.
820 1075 943 1152 vigilans
962 1078 1036 1133 ictus
1052 1077 1165 1140 coni-o

125 1159 260 1218 ventibus
277 1159 380 1237 oculis,
396 1160 542 1219 dormiens
559 1160 724 1238 patentibus
736 1161 892 1238 reperitur.
925 1157 1075 1219 Hominem
1092 1160 1132 1220 ita

126 1244 316 1301 exanimatum
330 1244 451 1303 cremari
475 1244 518 1303 fas
537 1253 666 1321 nonest,
684 1243 767 1302 condi
784 1251 863 1302 terra
880 1242 986 1319 religio
1003 1241 1130 1303 tradidit.

124 1324 240 1384 Nullum
255 1327 358 1387 animal
379 1329 434 1387 nisi
452 1328 642 1387 exanimatum
661 1327 778 1387 fulmine
800 1327 975 1386 accenditur.
1009 1325 1132 1387 vulnera

23 1458 25 1463 ⁴
125 1408 337 1469 fulminatorum
354 1411 505 1488 frigidiora
520 1419 586 1471 suut
602 1411 716 1489 reliquo
736 1429 872 1489 corpore.

84 1499 134 1553 146
191 1491 241 1556 55.
258 1492 339 1573 (56.)
361 1493 407 1553 Ex
418 1495 546 1573 hisquae
567 1504 644 1555 terra
658 1498 814 1572 gignuntur
829 1494 902 1553 lauri
924 1495 1058 1554 fruticem
1073 1512 1165 1559 noum

126 1579 189 1655 icit,
205 1596 260 1637 nec
276 1596 406 1655 umquam
419 1580 545 1656 quinque
563 1578 648 1639 altius
665 1578 787 1657 pedibus
803 1578 954 1637 descendit
969 1580 997 1636 iu
1013 1587 1130 1638 terram.

126 1661 198 1722 Ideo
215 1661 310 1738 pavidi
326 1661 447 1721 altiores
463 1681 588 1740 specuus
601 1663 759 1723 tutissimos
775 1669 875 1739 putant
887 1671 935 1721 aut
947 1661 1133 1720 tabernacula

128 1744 254 1824 pellibus
272 1744 420 1805 beluarum
433 1764 502 1823 quas
518 1747 624 1807 vitulos
642 1746 801 1824 appellant,
817 1747 952 1822 quoniam
967 1744 1024 1804 boc
1039 1744 1134 1804 solum

127 1828 231 1889 animal
247 1848 284 1889 cx
301 1831 416 1889 marinis
431 1847 489 1890 non
507 1833 662 1908 percutiat,
678 1831 753 1889 sicut
765 1848 820 1889 nec
835 1849 852 1890 e
867 1828 1036 1888 volucribus
1054 1828 1134 1906 aqui·

127 1912 193 1986 lam,
209 1930 283 1990 quae
300 1914 337 1972 ob
352 1913 409 1974 boo
426 1916 569 1990 armigera
588 1914 671 1973 huius
686 1914 737 1974 teli
756 1914 880 1989 lingitur.
912 1912 945 1972 ln
958 1911 1041 1971 Italia
1057 1914 1167 1982 inter„

127 1986 308 2046 'farracInam
333 1998 363 2046 et
384 1993 485 2049 aedem
504 1992 648 2049 Feroniae
671 2002 767 2049 turres
785 1993 855 2050 belli
879 1990 1046 2051 Caesariani
1065 2002 1135 2052 tem·

126 2069 248 2146 poribus
264 2069 380 2129 desiere
395 2072 458 2131 lieri
474 2072 552 2131 nulla
569 2089 627 2130 non
643 2090 739 2132 earum
754 2073 873 2133 fulmine
893 2075 995 2134 diruta.

86 2159 135 2213 147
191 2150 243 2214 55.
264 2151 350 2232 (57.)
370 2152 492 2214 Praeter
507 2155 580 2216 baec
595 2156 735 2216 inferiore
750 2156 833 2216 caelo
848 2157 970 2218 relatum
988 2159 1018 2216 in
1034 2171 1133 2218 monn·

128 2245 224 2296 menta
248 2245 294 2296 est
316 2236 392 2297 lacte
415 2245 444 2297 et
463 2240 603 2316 sanguiue
626 2240 756 2317 pluvisse
776 2240 826 2301 Μ’.
847 2241 944 2301 Acilio
968 2239 1002 2301 C.
1024 2240 1132 2301 Porcio

129 2339 205 2381 coss.
222 2329 252 2380 et
270 2338 361 2400 saepe
376 2321 459 2399 alias,
475 2324 550 2383 siout
565 2341 651 2383 carne
667 2323 697 2383 P.
711 2323 867 2384 Volumnio
882 2325 987 2384 Servio
1000 2325 1165 2404 Sulpiciore

129 2423 224 2482 coss,
247 2423 342 2484 exque
362 2424 398 2466 ea
420 2424 480 2465 non
496 2408 650 2486 putruisse„
666 2409 742 2486 quod
761 2426 819 2467 non
842 2409 1032 2486 diripuissent
1052 2426 1134 2469 aves.

128 2490 198 2548 item
220 2491 302 2549 ferro
325 2491 354 2549 iu
369 2489 491 2550 Lucanis
513 2509 587 2552 anuo
610 2486 762 2569 antequam
783 2490 821 2552 n.
838 2489 959 2552 Crassus
984 2509 1000 2551 a
1021 2491 1136 2552 Parthis

129 2574 321 2651 interemptus
343 2583 389 2633 est
413 2592 573 2653 omnesque
597 2594 660 2634 cum
678 2594 714 2635 eo
735 2575 840 2634 Lucani
863 2576 989 2651 milites,
1013 2593 1137 2653 quorum

128 2673 247 2731 magnus
269 2675 403 2715 numerus
421 2659 451 2717 in
473 2660 605 2719 exercitu
621 2668 692 2718 erat.
727 2658 850 2735 Effigies
870 2677 944 2737 quae
959 2657 1033 2737 pluit
1048 2677 1137 2737 spon·

129 2755 249 2814 gearum
265 2739 338 2798 ferri
353 2741 454 2799 similis
471 2742 532 2800 fuit.
561 2741 731 2818 haruspices
747 2752 993 2820 praemonuerunt
1008 2761 1170 2820 supernam

114 2820 261 2880 uulnera.
298 2819 329 2880 L.
348 2827 443 2882 autern
464 2823 553 2883 Paulo
574 2821 605 2883 d.
621 2823 761 2885 Marcello
782 2844 861 2887 coss.
878 2826 941 2886 lana
960 2826 1036 2904 pluit
1059 2829 1143 2886 circa

130 2903 282 2964 castellum
294 2903 495 2983 Compsanum,
512 2909 591 2967 iuxta
602 2909 680 2986 quod
692 2919 759 2986 post
774 2928 876 2968 auurrm
894 2909 926 2970 T.
939 2909 1052 2968 Annius
1065 2909 1137 2969 blilo

55 3052 58 3057 ,
131 2990 246 3049 occisus
264 2998 320 3050 cst.
353 2990 457 3050 eodem
476 3009 588 3051 causam
611 2991 726 3052 dicente
747 2993 888 3054 lateribus
911 2995 1005 3054 coctis
1024 2994 1137 3073 pluisse

130 3074 239 3132 inacta
256 3075 318 3133 eius
335 3076 399 3133 anni
418 3075 539 3134 relatum
557 3084 612 3136 est.
961 3101 968 3111 ·

91 3163 138 3216 iso
194 3155 246 3218 bl.
269 3155 353 3236 (58.)
378 3158 532 3218 Armorum
547 3161 695 3238 crepituus
712 3170 742 3221 et
766 3161 852 3221 tubae
871 3163 1003 3220 souituus
1021 3162 1168 3224 auditossa

134 3239 252 3300 ecaelo
271 3239 424 3302 Cimbricis
444 3242 530 3302 bellis
557 3245 740 3323 accepimus,
762 3245 929 3322 crebroque
951 3254 981 3305 et
1004 3247 1084 3321 prius
1108 3255 1137 3304 et

132 3333 246 3400 postea.
266 3327 355 3384 tertio
374 3344 447 3387 vero
469 3326 619 3387 consulatu
636 3327 706 3386 llari
727 3329 763 3388 ab
779 3328 926 3388 Amerinis
951 3338 981 3387 et
1004 3328 1136 3389 Tuderti-

131 3407 184 3466 bus
197 3417 328 3486 spectata
340 3429 417 3472 arma
428 3411 568 3472 caelestia
580 3413 615 3471 ab
628 3421 694 3472 ortu
706 3430 870 3492 occasuque
883 3414 959 3472 iuter
969 3432 1004 3472 se
1016 3430 1137 3473 concur·
