2400 3856
250 182 491 231 namurcen.
514 178 666 234 101-103.
684 171 869 248 (ros-106.)
1032 171 1090 235 117

91 339 200 400 insulas
217 346 246 396 et
257 337 383 397 Aradum
398 345 427 395 et
442 336 470 394 in
488 333 627 395 Gaditano
644 351 765 396 oceano.
792 336 991 398 Patavinorum
1007 341 1090 418 aquis

94 422 193 485 calidis
209 421 318 480 herbae
331 422 460 479 virentes
475 419 670 494 innascuntur,
686 418 853 479 Pisandrum
867 439 966 497 ranae,
984 422 1019 482 ad
1031 423 1089 483 Ve-

92 508 219 568 tulonios
241 506 270 563 iu
292 503 405 562 Etruria
425 519 483 562 non
504 503 608 580 procul
629 521 645 562 a
669 503 738 560 mari
760 505 869 580 pisces.
900 505 932 564 ln
954 503 1089 567 Casinate

92 592 196 651 fluvius
212 587 374 666 appellatur
390 586 541 660 Scatebra,
559 585 691 662 frigidus,
709 585 898 647 abundantior
913 597 1036 648 aestate.
1061 593 1090 650 in

71 694 129 738 seo
152 683 181 733 ut
204 673 231 730 iu
254 670 398 730 Arcadiae
421 669 581 748 Stymphali
609 677 763 728 nascuntur
789 671 930 748 aquatiles
957 674 1088 731 musculi.

92 758 123 818 ln
134 757 258 816 Dodone
276 753 354 814 lovis
371 754 436 813 fous
455 772 518 812 cum
531 753 567 811 sit
584 752 697 830 gelidus
715 760 745 811 et
767 753 907 814 inmersas
931 760 1132 820 lacerer-une

92 840 218 914 tinguat,
251 838 276 897 si
306 838 454 897 extinctae
471 837 693 912 admoveantur,
710 837 853 896 accendit.
883 837 959 897 idem
970 837 1091 897 meridie

93 941 210 1001 semper
225 927 338 996 delient,
356 939 412 1000 qua
428 921 464 982 de
481 939 568 981 causa
584 910 811 997 ἀναπαυόμενον
824 931 940 980 vocant.
966 936 1035 979 mox
1051 921 1091 980 iu·

94 1023 232 1067 crescens
256 1004 302 1065 ad.
317 1006 439 1065 medium
461 1006 555 1065 noctis
579 1005 735 1079 exuberat,
764 1003 799 1064 ab
817 1021 853 1064 eo
869 1023 970 1064 rursus
984 1005 1091 1063 sensim

58 1112 82 1152 m
94 1091 201 1151 deficit.
232 1088 264 1148 ln
283 1085 410 1165 Illyricis
430 1107 518 1168 supra
539 1090 648 1150 fontem
668 1087 802 1165 frigidum
819 1105 966 1166 expansae
991 1096 1091 1147 vestes

92 1173 295 1234 accenduntur.
328 1171 407 1232 lovis
420 1171 585 1233 Hammonis
601 1182 731 1249 stagnum
748 1172 872 1231 interdiu
889 1171 1023 1250 frigidum
1040 1187 1090 1229 uo-

92 1258 185 1316 ctibus
203 1256 307 1316 lervet.
338 1255 370 1315 ln
388 1255 564 1333 Trogodytis
584 1257 649 1316 fons
670 1255 748 1314 Solis
766 1254 930 1331 appellatur
952 1254 1044 1315 dulcis
1061 1263 1091 1313 et

93 1342 170 1399 circa
186 1339 333 1398 meridiem
348 1340 470 1399 maxime
489 1339 619 1417 frigidus.
642 1355 710 1398 mox
727 1338 864 1415 paulatim
878 1346 1037 1416 tepescens
1055 1338 1090 1398 ad

91 1425 185 1483 noctis
208 1422 302 1481 media
325 1421 441 1481 iervore
464 1431 494 1481 et
515 1422 699 1482 amaritudine
721 1422 880 1481 infestatur.
911 1421 980 1482 Padi
1003 1422 1132 1486 fonstilt

56 1507 194 1568 remediis
211 1504 314 1565 diebus
330 1507 449 1565 aestivis
470 1505 550 1564 velut
567 1506 797 1584 interquiescens
819 1523 937 1584 semper
957 1515 1029 1564 aret.
1063 1507 1091 1564 in

92 1590 212 1650 Tenedo
228 1588 322 1648 insula
336 1589 401 1648 lons
417 1607 564 1668 sempera
583 1591 667 1649 tertia
683 1590 777 1649 noctis
792 1590 863 1649 hora
883 1591 1039 1648 insertam
1055 1588 1090 1646 ab

92 1675 203 1734 aestivo
217 1673 343 1732 solstitio
360 1673 495 1749 exundet,
513 1682 542 1733 et
556 1674 585 1732 in
595 1672 671 1732 Delo
684 1673 776 1733 insula
787 1672 894 1752 lucpus
909 1673 975 1733 icus
987 1671 1091 1730 'eodem

93 1775 149 1836 quo
161 1756 244 1815 Nilus
255 1756 341 1815 modo
355 1774 389 1815 ac
400 1759 508 1835 pariter
524 1774 588 1816 cum
599 1773 635 1816 eo
652 1756 798 1816 decrescit
829 1763 1001 1833 augeturve.
1025 1771 1091 1813 cou-

92 1851 136 1899 tra
154 1839 301 1899 Timauum
324 1857 435 1899 amnem
450 1840 542 1900 insula
562 1857 650 1918 parva
674 1842 701 1899 iu
721 1843 792 1900 mari
810 1850 856 1901 est
880 1859 944 1900 cum
965 1838 1092 1899 fontibus

56 1946 82 1985 νο
93 1923 204 1997 calidis,
222 1925 271 2001 qui
286 1925 394 2001 pariter
406 1942 470 1983 cum
481 1932 562 1983 aestu
575 1925 661 1983 maris
674 1934 808 1984 crescunt
817 1925 1046 2001 minuunturque.
1063 1923 1092 1980 in

92 2023 164 2082 agro
176 2005 298 2066 Pitinate
311 2015 389 2066 trans
403 2006 603 2086 Appenninum
618 2007 721 2068 fluvius
733 2007 870 2068 Novanus
887 2007 1019 2068 omnibus
1032 2006 1089 2066 sol·

92 2092 176 2150 stitiis
198 2099 313 2150 torrens
330 2091 430 2152 bruma
449 2093 581 2152 siccatur.
613 2091 645 2152 ln
666 2090 783 2151 Falisco
802 2094 892 2152 omnis
909 2109 981 2170 aqua
1000 2099 1068 2169 pota
1080 2097 1133 2152 23⁰

92 2175 230 2234 candidos
251 2174 344 2234 boves
366 2177 443 2236 lacit.
472 2177 501 2234 in
521 2177 643 2236 Boeotia
667 2177 756 2236 amnis
779 2174 870 2236 llelas
894 2193 965 2238 oves
980 2176 1089 2251 nigras,

92 2255 237 2334 Cephisus
253 2277 290 2317 ex
306 2259 411 2319 eodem
432 2260 497 2319 lacu
515 2259 663 2337 prollueus
681 2259 778 2334 albas,
804 2277 902 2318 rursus
924 2260 1022 2336 nigras
1037 2257 1090 2316 Pe·

57 2342 171 2414 asnius,
188 2340 324 2418 rufasque
341 2343 418 2401 iuxta
434 2341 516 2402 Ilium
530 2341 670 2418 Xanthus,
687 2343 762 2402 unde
782 2351 810 2400 et
824 2359 929 2401 nomeu
943 2343 1026 2402 amni.
1060 2338 1092 2398 lu

91 2423 182 2482 Ponto
205 2423 308 2482 fluvius
324 2422 448 2483 Astaces
472 2427 546 2501 rigat
570 2444 687 2502 campos
709 2427 737 2483 in
761 2425 863 2503 quibus
888 2434 989 2502 pastae
1007 2424 1091 2499 nigro

91 2507 167 2566 lacte
183 2525 278 2584 equae
293 2515 410 2582 gentem
426 2508 512 2566 alunt.
544 2508 575 2567 ln
591 2508 712 2568 Reatino
729 2509 794 2568 lons
810 2507 942 2568 Neminie
961 2505 1090 2584 appella·

91 2600 136 2648 tus
153 2590 210 2648 alio
229 2598 315 2666 atque
337 2590 394 2650 alio
413 2589 480 2649 loco
504 2593 634 2651 exoritur
653 2609 783 2652 annonae
802 2594 987 2652 mutationem
1003 2589 1090 2666 signi·

91 2674 190 2733 tinans.
221 2673 354 2733 Brundisi
370 2675 397 2732 in
413 2684 498 2752 portu
513 2675 578 2735 fons
595 2676 777 2754 incorruptas
793 2684 922 2754 praestat
938 2691 1027 2753 aquas
1042 2689 1090 2731 ua-

56 2778 81 2820 ao
90 2756 263 2834 vigentibus.
294 2756 446 2832 Lyncestis
467 2777 540 2836 aqua
559 2777 633 2839 quae
656 2768 778 2818 vocatur
798 2759 910 2820 acidula
929 2759 987 2817 vini
1003 2756 1090 2816 modo

90 2842 264 2900 temulentos
281 2841 359 2901 lacit.
377 2842 444 2901 item
456 2844 484 2902 in
496 2842 692 2921 Paphlagonia
706 2845 772 2901 etin
785 2859 855 2919 agro
870 2840 989 2902 Caleno.
1013 2839 1071 2899 hn-
1081 2847 1133 2901 231

91 2925 143 2983 dro
161 2927 189 2983 in
210 2925 319 3000 insula,
347 2926 456 3004 templo
473 2924 570 2985 Liberi
593 2927 698 3004 patris,
722 2925 831 2984 iontem
852 2926 935 2984 nouis
953 2923 1091 2983 Ianuariis

92 3025 209 3083 semper
229 3008 287 3067 viui
313 3026 419 3084 sapore
438 3008 528 3068 lluere
544 3007 693 3069 Mucianus
714 3019 758 3069 ter
780 3009 881 3068 consul
897 3008 999 3068 credit.
1028 3006 1091 3065 dies

87 3090 248 3151 Θεοδοισίοι
260 3101 389 3151 vocatur.
404 3092 485 3152 luuta
498 3090 653 3153 Nonacrim
665 3094 692 3151 in
705 3092 829 3152 Arcadia
842 3093 914 3167 Styx
926 3108 983 3151 nec
998 3088 1091 3148 odore

55 3199 80 3240 35
91 3173 228 3233 differens
244 3192 299 3234 nec
315 3177 417 3236 colore
433 3185 520 3254 epota
545 3173 613 3234 ilico
632 3184 725 3237 necat.
742 3179 810 3235 item
824 3177 852 3234 in
862 3175 1004 3235 Liberoso
1018 3172 1090 3232 Tau·

90 3275 187 3317 rorum
204 3259 281 3318 colle
300 3268 359 3318 tres
376 3260 472 3319 fontes
489 3261 551 3320 siue
566 3261 713 3335 remedio,
740 3261 801 3318 sine
818 3259 921 3319 dolore
937 3255 1089 3318 mortiferi.

90 3340 121 3399 lu
144 3340 309 3401 Carrinensi
326 3343 481 3422 Hispaniae
501 3362 573 3421 agro
595 3344 651 3404 duo
673 3344 769 3402 fontes
790 3344 869 3402 iuxta
890 3342 995 3418 lluuut,
1017 3340 1091 3399 alter

90 3427 184 3484 ornuuia
199 3444 353 3504 respuens,
373 3426 447 3487 alter
462 3427 634 3488 absorbens.
658 3426 686 3485 in
702 3427 804 3485 eadem
819 3436 906 3503 gente
923 3426 995 3485 alius
1010 3422 1090 3484 aurei
