2400 3856
295 186 376 234 nur.
393 185 484 234 mor.
502 186 539 233 11.
557 173 681 236 1s-1o.
699 175 850 253 (ra-13.)
1061 183 1101 240 77

94 359 211 404 conexa
230 341 407 403 latitudinum
434 340 565 418 signiferi
589 339 822 420 obliquitatisque
850 360 936 403 causa
963 353 1016 405 est.
1044 345 1101 406 Per

94 426 172 488 bunc
199 425 302 498 stellae
325 444 397 505 quas
420 425 540 485 diximus
561 424 705 500 feruntur,
730 443 785 484 neo
807 426 883 488 aliud
904 426 1047 490 habitatur
1069 432 1138 523 ἰηξὲι

93 512 183 571 terris
199 528 284 589 quam
301 510 379 589 quod
395 509 437 569 illi
453 507 594 585 subiacet,
612 508 724 586 reliqua
739 526 755 569 a
769 510 846 587 polis
862 512 1005 589 squalent.
1039 513 1097 575 Ve-

94 596 175 655 neris
190 602 297 655 tautum
318 593 405 654 stella
425 593 542 653 excedit
565 610 629 654 eum
646 592 720 652 binis
738 593 884 671 partibus,
912 613 986 673 quae
1012 616 1100 659 causa

71 678 273 756 sintellegitur
291 678 412 739 allicere
427 687 457 737 ut
473 677 613 756 quaedam
630 676 761 737 animalia
777 687 806 737 et
821 679 850 737 in
865 677 989 738 desertis
1004 682 1100 742 mundi

93 770 258 822 nascantur.
288 761 366 823 buna
385 778 501 841 quoque
519 778 573 840 per
592 770 680 821 totam
695 761 871 822 latitudinem
888 764 949 821 eius
967 774 1098 843 vagatur,

93 847 148 908 sed
164 847 280 906 omnino
297 863 356 907 nou
370 846 520 906 excedens
536 864 608 908 eum.
644 845 690 906 Ab
709 845 753 905 bis
769 844 896 906 llereuri
911 847 996 907 stella
1011 849 1098 910 laxis-

93 933 177 1007 sime,
194 939 334 991 attamen
350 948 366 989 e
382 930 523 991 duodenis
541 929 670 1008 partibus
689 931 748 1010 (tot
764 930 838 990 enim
850 939 914 990 sunt
926 931 1097 1013 latitudinis)

92 1032 152 1074 nou
165 1013 288 1092 amplius
303 1024 425 1075 octonas
436 1024 580 1092 pererret,
599 1033 695 1094 neque
706 1014 759 1074 bas
774 1014 945 1096 aequaliter,
963 1016 1015 1077 sed
1027 1018 1097 1077 duas

56 1098 189 1164 remedio
207 1099 270 1158 eius
290 1108 319 1157 et
337 1106 424 1178 supra
442 1107 575 1176 quattuor
594 1099 669 1161 inira
688 1099 769 1160 duas.
800 1099 854 1159 Sol
872 1099 976 1160 deinde
1003 1102 1098 1163 medio
1106 1108 1140 1166 67

94 1184 188 1244 fertur
204 1183 280 1243 inter
294 1182 365 1243 duas
377 1188 476 1258 partes
489 1180 622 1242 flexuoso
645 1184 801 1243 draconum
816 1193 910 1244 meatu
926 1185 1097 1264 inaequalis,

93 1266 195 1328 llartis
211 1265 297 1328 stelle
315 1274 450 1345 quattuor
466 1265 577 1342 mediis,
596 1266 673 1326 lovis
687 1268 781 1328 media
799 1277 828 1328 et
845 1287 1012 1346 supeream
1030 1270 1097 1330 dua-

92 1350 166 1429 bus,
191 1352 306 1412 Saturni
326 1348 437 1412 duabus
456 1357 486 1408 ut
506 1350 561 1409 sol.
592 1349 672 1411 llaec
696 1353 751 1410 erit
772 1351 950 1412 latitudinum
971 1355 1044 1413 ratio
1062 1354 1098 1414 ad

93 1443 222 1496 austrum
243 1433 478 1496 descendentium
505 1442 552 1492 aut
576 1434 612 1494 ad
634 1434 797 1513 aquilonem
821 1435 1012 1496 subeuntium.
1042 1437 1097 1497 bae

57 1527 231 1580 rocoustare
252 1528 281 1579 et
301 1520 414 1579 tertiam
436 1518 514 1578 illam
537 1534 554 1578 a
574 1526 651 1578 terra
670 1518 850 1583 subeuntium
866 1520 894 1577 in
917 1519 1045 1597 caelum,
1069 1529 1098 1580 et

92 1604 204 1682 puriter
220 1602 320 1662 scandi
337 1621 399 1663 eam
421 1619 537 1681 quoque
563 1604 767 1663 existimavere
783 1602 916 1681 plerique
933 1602 1017 1662 salso.
1049 1605 1097 1682 qui

92 1695 123 1746 ut
138 1695 343 1763 coarguantur,
360 1685 518 1765 aperienda
536 1695 580 1744 est
594 1685 736 1746 subtilitas
749 1687 877 1746 inmensa
892 1695 921 1746 et
933 1703 1032 1748 omnes
1046 1704 1097 1748 eus

93 1769 240 1848 conplexa
256 1787 369 1830 causas.
397 1767 540 1829 Convenit
554 1768 655 1829 stellas
670 1770 699 1827 in
717 1787 825 1829 occasu
840 1772 1008 1848 vespertino
1029 1787 1095 1849 pro·
1104 1781 1138 1838 68

90 1856 187 1915 rimas
211 1871 278 1913 esse
290 1863 388 1914 terrae
401 1862 430 1912 et
445 1852 593 1913 altitudine
610 1860 639 1912 et
654 1852 811 1924 latitudine,
824 1859 1023 1930 exortuusque
1037 1872 1094 1914 ma·

55 1936 199 2002 otutinos
214 1938 243 1996 iu
257 1937 336 1997 initio
354 1939 492 2014 cuiusque
509 1936 581 2010 fieri,
597 1936 738 1996 stationes
753 1938 782 1996 in
798 1937 901 1997 mediis
918 1937 1095 1998 latitudinum

92 2020 240 2095 articulis,
259 2039 334 2099 quae
351 2030 457 2080 vocant
474 2020 618 2098 ecliptica.
649 2019 772 2080 Perinde
790 2021 957 2082 confessum
974 2032 1018 2083 est
1035 2039 1095 2083 mo·

91 2114 151 2163 nrm
173 2106 275 2181 augeri
297 2105 429 2183 quamdiu
451 2106 479 2165 iu
494 2105 589 2164 vicino
605 2106 661 2164 sint
676 2115 789 2182 terrae,
814 2124 877 2166 oum
895 2105 1052 2167 abscedant
1068 2108 1095 2166 in

92 2187 286 2265 altitudinem,
309 2190 405 2248 minui.
438 2207 512 2268 quae
528 2191 600 2250 ratio
623 2189 708 2250 lunae
724 2191 851 2251 maxime
873 2190 1095 2252 sublimitatibus

92 2270 280 2350 adprobatur.
315 2271 419 2350 Aeque
442 2289 500 2332 uon
525 2281 570 2332 est
591 2272 706 2333 dubium
727 2275 755 2331 in
778 2274 927 2334 exortibus
950 2276 1094 2335 matutinis

56 2355 246 2417 toetiamnum
269 2357 369 2433 augeri
391 2364 477 2435 atque
500 2357 705 2416 astationibus
725 2355 823 2435 primis
845 2363 906 2415 tres
926 2359 1095 2434 superiores

92 2439 251 2501 diminuere
262 2457 355 2519 usque
366 2439 401 2502 ad
412 2441 554 2503 stationes
567 2436 717 2501 secundas.
737 2435 818 2510 Quae
830 2455 894 2498 cum
908 2439 947 2500 lta
959 2441 1026 2517 sint,
1038 2450 1139 2508 τηε-69

91 2523 229 2583 nilestum
247 2523 302 2582 erit
318 2521 354 2583 ab
374 2532 479 2582 exortu
493 2523 631 2581 matutino
646 2520 811 2585 latitudines
827 2519 943 2595 scandi,
962 2522 1096 2599 quoniam

91 2607 121 2664 iu
138 2622 176 2665 eo
193 2607 314 2684 primum
328 2605 426 2666 babitu
441 2605 558 2683 incipiat
573 2606 688 2684 parcius
704 2604 778 2665 adici
792 2612 903 2680 motus,
920 2605 948 2663 in
966 2606 1095 2667 stationi·

91 2687 147 2748 bur
165 2706 237 2748 vero
253 2690 351 2767 primis
371 2698 400 2749 et
415 2689 593 2750 altitudinem
617 2688 726 2763 subiri,
752 2689 886 2767 quoniam
900 2698 958 2748 tum
974 2690 1096 2768 primurn

57 2772 231 2851 reincipiant
247 2772 359 2834 detrahi
375 2775 484 2834 numeri
503 2772 665 2851 stellaeque
683 2774 818 2833 retroire.
848 2774 928 2833 eunus
954 2775 998 2834 rei
1021 2774 1095 2835 ratio

91 2856 227 2933 privatim
246 2856 396 2918 reddenda
419 2866 473 2917 est.
503 2857 665 2918 Percussae
684 2859 713 2917 iu
735 2874 791 2936 qua
817 2858 939 2918 diximus
961 2867 1044 2936 parte
1066 2866 1095 2917 et

91 2939 238 3016 triangulo
251 2940 323 3000 solis
333 2941 415 3002 radio
428 2940 591 3002 inhibentur
601 2950 713 3004 rectum
723 2960 813 3019 agere
826 2960 950 3017 cursum,
968 2949 998 2999 et
1009 2941 1095 3016 ignea

90 3024 120 3082 vi
136 3023 270 3084 levantur
283 3026 312 3084 in
328 3024 460 3085 sublime.
483 3024 547 3085 lloc
560 3042 618 3085 nou
633 3026 763 3105 protinus
779 3024 910 3101 intellegi
922 3031 1021 3102 potest
1032 3024 1095 3081 visu
1103 3025 1137 3082 70

90 3115 212 3183 nostro,
230 3108 356 3188 ideoque
380 3111 578 3170 existimantur
597 3118 691 3187 stare,
719 3109 794 3170 unde
814 3118 843 3168 et
858 3124 963 3167 nomen
981 3106 1096 3183 accepit

57 3207 83 3249 tt
93 3192 191 3251 statio.
218 3186 408 3271 Progreditur
422 3193 526 3254 deinde
542 3194 669 3255 eiusdem
685 3194 747 3254 radi
761 3192 909 3266 violentia,
927 3199 956 3250 et
971 3190 1095 3249 retroire

93 3276 174 3352 cogit
188 3291 298 3353 vapore
314 3293 479 3354 percussas.
519 3276 608 3340 blulto
626 3279 655 3338 id
670 3280 762 3353 magis
777 3279 805 3336 in
815 3276 985 3353 vespertino
998 3291 1095 3334 earum

92 3367 208 3435 exortu,
225 3365 287 3418 toto
300 3360 365 3419 sole
378 3361 503 3421 adverso
516 3379 580 3421 oum
591 3363 620 3421 in
632 3378 755 3421 summas
768 3359 884 3438 apsidas
899 3358 1094 3438 expelluntur,

91 3442 282 3518 minimaeque
309 3453 475 3521 cernuntur,
492 3445 625 3524 quoniam
643 3442 910 3520 altissimeabsunt,
928 3452 957 3505 et
978 3443 1094 3503 minimo
