2400 3856
405 197 486 245 uun.
510 199 590 248 urar
612 197 677 245 1111.
701 191 740 244 11.
765 187 829 261 (re.)
1067 180 1128 247 165

113 352 171 413 mil.
196 352 254 412 Sed
277 371 291 412 a
307 351 443 431 Bosporo
462 354 541 412 sinus
561 350 739 427 Casthenes,
762 358 864 430 portus
882 350 988 413 Senum
1006 359 1036 413 et
1054 353 1128 413 alter
1144 359 1179 414 td

115 439 162 515 qui
184 437 336 497 Mulierum
358 439 585 513 cognominatur.
621 437 847 514 promunturium
865 435 1018 511 Chryseou
1036 435 1128 497 Ceras

115 523 222 600 inquo
246 519 380 599 oppidum
403 520 570 596 Byzantium
593 520 704 580 liberae
726 521 905 580 condicionis
929 529 1013 580 autea
1028 519 1128 597 Lygos

108 606 229 666 dictum.
269 605 354 665 abest
381 623 396 664 a
424 603 604 679 Dyrrhachio
632 606 826 682 septingentis
852 605 985 664 undecim
1011 605 1128 664 milibus

80 701 92 740 ⁵
115 708 258 769 passuum.
295 697 401 748 tantum
419 696 499 766 patet
514 687 665 764 longitudo
685 697 826 747 terrarum
844 689 920 747 inter
935 686 1135 747 Hadriaticum·

114 793 193 834 mare
210 782 240 834 et
255 771 473 851 Propontidem.
503 789 600 831 amnes
618 770 790 847 Bathynias,
810 770 937 845 Pydaras
954 773 1017 831 siue
1036 771 1126 846 Athy·
1144 779 1180 831 47

115 859 175 918 das.
208 857 313 936 oppida
331 855 512 932 Selymbria,
532 854 685 914 Perinthus
707 855 856 915 latitudine
875 852 923 914 CC
938 855 1041 932 pedum
1060 872 1128 914 con-

116 943 218 1001 tinenti
245 941 365 1000 adnexa.
399 941 474 999 intus
505 938 594 1016 Bizye
623 958 675 999 arx
700 958 801 1017 regum
828 938 972 1000 Threciae
999 957 1015 998 a
1039 938 1128 999 Terei

114 1027 228 1085 nefasto
250 1027 341 1085 invisa
364 1024 581 1100 hirundinibus,
607 1025 691 1101 regio
717 1023 858 1102 Caenica,
881 1024 997 1084 colonia
1013 1022 1128 1083 Flavio·-

75 1121 100 1161 10
115 1110 207 1188 polis,
220 1109 268 1169 uhi
284 1118 369 1169 antea
382 1106 470 1168 Caela
491 1108 626 1188 oppidum
642 1109 811 1168 vocabatur.
838 1117 894 1168 eta
909 1107 998 1183 Bizye
1014 1106 1035 1165 L
1050 1107 1128 1166 milia

116 1211 249 1270 passuum
264 1193 363 1271 Apros
380 1192 513 1270 colonia,
531 1209 604 1271 quae
620 1211 635 1251 a
649 1191 791 1271 Philippis
809 1192 893 1252 abest
912 1190 1128 1252 CLXXXVIIII

114 1278 173 1334 mil.
201 1294 290 1354 pass,
318 1284 346 1334 at
372 1278 402 1335 in
426 1293 477 1335 ora
502 1278 593 1336 amnis
615 1275 760 1353 Erginus,
791 1276 925 1354 oppidum
950 1275 1004 1335 iuit
1021 1274 1127 1335 Canos.

115 1360 261 1419 deseritur
285 1367 315 1418 et
336 1356 524 1434 Lysimachea
546 1362 601 1418 iam
627 1362 656 1418 in
685 1357 882 1419 Cherroneso.
913 1359 985 1418 alius
1007 1378 1130 1437 namque
1145 1365 1181 1419 tc

115 1445 155 1502 ihi
170 1443 294 1503 Isthmos
308 1443 457 1518 angustias
474 1443 583 1502 similes
600 1442 702 1502 eodem
719 1444 833 1502 nomine
851 1451 882 1502 et
897 1444 959 1520 pari
975 1442 1128 1504 latitudine

77 1538 101 1579 1⁵
116 1528 257 1587 inlustrat.
292 1525 365 1586 duae
395 1527 484 1586 urbes
508 1528 651 1603 utrimque
676 1526 760 1585 litora
787 1526 855 1585 haut
881 1526 1011 1585 dissimili
1040 1527 1128 1587 modo

116 1621 256 1689 tenuere,
277 1609 386 1686 Pactye
410 1628 425 1670 a
443 1610 638 1689 Propontide,
664 1607 765 1669 Cardia
789 1608 935 1670 ablelane
952 1611 1032 1688 sinu,
1055 1610 1129 1670 haec

116 1715 152 1754 ex
170 1696 245 1755 facie
263 1695 320 1754 loci
337 1696 453 1755 nominc
468 1704 609 1773 accepto,
626 1701 767 1771 utraeque
785 1693 1006 1773 conprehensae
1022 1703 1128 1773 postea

114 1778 303 1854 Lysimachea
326 1777 354 1835 V
375 1779 491 1838 milibus
512 1797 589 1858 pass.
621 1776 765 1854 abongis
786 1779 885 1838 muris.
921 1775 1127 1839 Cherronesos

116 1881 131 1921 a
157 1862 335 1941 Propontide
362 1861 462 1922 habuit
483 1862 655 1938 Tiristasin,
682 1861 852 1939 Crithoten,
882 1860 994 1922 Cissam
1020 1862 1127 1922 flumini

76 1959 103 1999 m
116 1947 218 2022 Aegos
234 1945 404 2023 adpositam.
438 1966 513 2007 nunc
527 1946 614 2006 habet
629 1964 644 2005 a
660 1945 775 2006 colonia
791 1946 873 2024 Apro
891 1945 975 2006 XXll
988 1946 1047 2008 mil.
1063 1965 1129 2025 pase

116 2048 196 2089 suum
212 2029 354 2089 Resiston
374 2048 412 2090 ex
429 2030 553 2091 adverso
570 2030 704 2090 coloniae
718 2029 867 2091 Parianae.
898 2028 936 2090 Et
953 2029 1127 2109 Hellespom
1144 2031 1180 2087 49

116 2123 162 2174 tus
179 2123 292 2192 septem
314 2112 361 2195 [ut
381 2114 519 2196 diximus]
542 2115 642 2175 stadiis
659 2113 804 2192 Europam
829 2115 864 2174 ab
887 2114 960 2174 Asia
983 2114 1127 2193 dividens,

116 2206 252 2274 quattuor
268 2201 344 2258 inter
361 2218 394 2258 se
412 2201 573 2259 contrarias
589 2200 678 2259 urbes
695 2198 799 2274 habet,
816 2201 844 2258 iu
864 2197 983 2278 Europa
999 2196 1128 2278 Callipo-

115 2282 163 2340 lim
180 2291 210 2340 et
222 2282 330 2341 Seston
346 2290 376 2342 et
392 2285 422 2341 in
436 2282 507 2342 Asia
521 2283 700 2362 Lampsacon
716 2291 746 2342 et
758 2282 891 2358 Abydon.
912 2283 979 2343 dein
994 2301 1129 2361 promun-

76 2377 102 2417 25
118 2367 220 2423 tarium
237 2363 416 2424 Cherronesi
433 2365 571 2424 blastusia
588 2366 740 2425 adversum
757 2365 864 2442 Sigeo,
888 2368 969 2426 cuius
985 2368 1015 2426 in
1029 2367 1128 2426 fronte

118 2447 235 2525 obliqua
255 2445 353 2522 Cynos
372 2466 451 2507 sema
467 2450 522 2526 (ita
537 2449 701 2526 appellatur
717 2447 854 2507 Hecubae
872 2449 1025 2528 tumulus),
1040 2452 1127 2509 statio

116 2532 302 2591 Achaeorum
329 2541 359 2591 et
390 2533 495 2607 turris,
522 2531 672 2591 delubrum
698 2530 855 2591 Protesilai
880 2541 910 2593 et
939 2535 968 2591 in
997 2540 1129 2593 extrema

117 2614 295 2675 Cherronesi
311 2615 424 2691 fronte,
444 2632 518 2692 quae
532 2623 655 2674 vocatur
675 2614 828 2692 Aeolium,
851 2616 987 2695 oppidum
1008 2615 1127 2678 Elaeus.

116 2701 183 2759 dein
208 2701 318 2777 petenti
339 2697 453 2758 Melana
474 2701 566 2759 sinum
589 2707 691 2777 portus
717 2696 828 2759 Coelos
849 2709 879 2760 et
897 2700 1072 2761 Panhormus
1095 2710 1125 2760 et
1136 2700 1161 2743 ⁴⁸

77 2796 102 2836 ao
119 2802 205 2861 supra
222 2783 296 2843 dicta
314 2781 426 2843 Cardia.
464 2781 581 2843 Tertius
603 2782 740 2862 Europae
762 2785 843 2844 sinus
866 2785 900 2844 ad
921 2784 996 2845 hunc
1015 2787 1129 2847 modum
1144 2792 1179 2844 50

116 2868 266 2926 clauditur.
300 2866 416 2927 Hontes
435 2874 517 2927 extra
533 2868 699 2945 praedictos
717 2866 859 2929 Threciae
875 2866 1012 2947 Edonus,
1032 2868 1127 2948 Gyge·

115 2969 229 3026 meros,
244 2949 382 3028 Meritus,
404 2951 634 3029 Melamphyllos.
672 2951 785 3011 humina
804 2954 833 3011 in
848 2952 975 3012 Hebrum
995 2952 1128 3013 cadentia

115 3034 243 3110 Bargus,
259 3034 385 3111 Syrmus.
415 3034 623 3112 Macedoniae,
647 3035 805 3112 Threciae,
828 3035 1013 3115 Hellesponti
1035 3037 1127 3114 lougi-

116 3117 184 3176 tudo
200 3125 246 3177 est
261 3136 348 3194 supra
365 3119 448 3179 dicta.
472 3119 584 3196 quidam
600 3117 732 3179 DCCXX
744 3119 851 3178 milium
866 3121 983 3181 iaciunt.
1006 3118 1126 3180 latitudo
1140 3144 1164 3177 a

76 3216 101 3255 35
117 3199 353 3260 CCCLXXXHII
375 3202 483 3261 milium
506 3211 560 3262 est.
599 3203 722 3281 Aegaeo
746 3204 816 3263 mari
841 3221 947 3263 nomen
970 3204 1049 3263 dedit
1065 3222 1129 3264 sco·
1144 3212 1177 3264 51

115 3285 199 3363 pulus
217 3287 294 3345 inter
306 3285 415 3345 Tenum
430 3295 459 3346 et
473 3284 573 3346 Chium
590 3290 688 3347 verius
706 3305 788 3365 quam
805 3288 909 3364 insula,
928 3287 995 3348 Aex
1010 3289 1127 3348 nomine

115 3371 247 3446 aspecie
266 3387 387 3448 caprae,
404 3388 478 3448 quae
496 3372 536 3430 ita
557 3368 676 3432 Graecis
691 3370 872 3449 appellatur,
891 3381 1015 3450 repente
1033 3393 1050 3433 e
1067 3391 1126 3432 me-

115 3453 162 3511 dio
185 3455 254 3513 mari
277 3454 429 3514 exsiliens.
466 3464 588 3515 cernunt
613 3474 676 3516 eum
701 3455 735 3514 ab
754 3454 876 3515 dextera
894 3465 977 3535 parte
997 3457 1127 3518 Andrum
