2400 3856
342 207 422 257 nnn.
443 207 532 256 nrsr.
555 209 602 256 vr.
626 202 744 254 17—18.
770 193 908 276 (at-22.)
1068 189 1133 256 229

119 362 282 443 Hemodos,
306 363 516 443 Paropanisus,
538 361 700 440 Caucasus,
725 365 860 443 aquibus
879 372 940 425 tota
956 361 1084 425 decurrit
1102 364 1131 422 in

121 449 270 526 planitiem
285 452 441 507 inmensam
459 457 489 508 et
509 449 648 526 Aegypto
668 449 799 508 similem.
831 449 940 509 Verum
961 458 992 507 ut
1012 456 1130 509 terrena
1147 449 1179 504 61

121 533 329 592 demonstratio
345 531 549 609 intellegatur,
572 533 731 592 Alexandri
746 534 842 610 Magni
868 533 1002 610 vestigiis
1023 533 1130 591 insisti-

119 634 191 676 mus.
224 617 388 693 Diognetus
406 625 436 675 et
451 615 562 675 Baeton
583 618 717 677 itinerum
733 620 796 677 eius
812 635 965 677 mensores
983 617 1131 693 scripsere

85 722 100 761 s
122 720 138 760 a
153 703 246 780 portis
266 699 380 778 Caspiis
395 698 626 777 Hecatompylon
640 701 810 760 Parthorum
829 709 900 779 quot
915 700 1037 759 diximus
1054 699 1132 757 milia

122 805 208 860 csse,
225 784 291 844 inde
308 783 513 844 Alexandriam
528 783 637 860 Arion,
658 802 740 862 quam
757 784 858 844 urbem
879 786 904 842 is
921 802 975 843 rex
992 781 1130 859 condidit,
1141 807 1167 843 rr

122 867 255 928 DLXXV
271 869 341 944 mil,
360 868 580 946 Prophthasiam
598 868 776 945 Drangarum
791 864 953 928 CXCVllll
972 867 1043 942 mil,
1059 865 1132 928 Ara·

122 952 298 1012 chosiorum'
308 953 443 1031 oppidum
458 952 563 1012 DLXV
584 952 654 1029 mil,
674 951 888 1031 Hortospanum
909 948 1040 1010 CLXXV
1061 950 1131 1028 mil,

123 1037 189 1096 inde
208 1038 243 1096 ad
258 1036 417 1097 Alexandri
430 1037 566 1115 oppidum
580 1035 602 1094 L
617 1036 653 1095 Μ.
684 1037 716 1096 ln
733 1035 901 1115 quibusdam
916 1035 1131 1113 exemplaribus
1147 1042 1181 1094 62

85 1144 109 1183 ro
123 1120 230 1180 diversi
254 1123 363 1180 numeri
386 1123 581 1199 reperiuntur.
622 1120 694 1180 hane
715 1122 816 1181 urbem
838 1121 892 1179 sub
916 1122 981 1198 ipso
1001 1117 1132 1179 Caucaso

124 1224 192 1265 esse
210 1206 342 1282 positam.
373 1205 409 1264 ab
427 1223 461 1264 ea
477 1205 511 1264 ad
528 1204 633 1264 flumen
649 1202 781 1283 Copheta
797 1213 828 1266 et
845 1205 981 1283 oppidum
997 1204 1133 1263 ludorum

123 1287 301 1347 Peucolatim
320 1286 509 1347 CCXXXVH
530 1289 602 1363 mil,
621 1289 696 1348 unde
714 1290 749 1348 ad
764 1288 870 1348 humen
889 1289 987 1348 Indum
1004 1288 1132 1365 etoppi·

123 1373 188 1432 dum
207 1369 319 1430 Taxilla
335 1370 386 1430 LX
398 1371 471 1446 mil,
487 1370 521 1429 ad
538 1371 695 1451 Hydaspen
713 1373 829 1431 lluvium
844 1373 950 1432 clarum
968 1370 1048 1431 CXX
1063 1371 1132 1448 mil,

123 1456 160 1516 ad
186 1453 323 1533 Hypasim
349 1472 407 1514 non
428 1455 633 1531 ignobiliorem
667 1452 794 1539 [lxxi—xl]
837 1453 979 1527 coctio,
1007 1457 1055 1533 qui
1079 1455 1133 1514 luit

85 1562 110 1601 15
124 1539 285 1599 Alexandri
301 1539 435 1598 itinerum
456 1541 594 1598 terminus
612 1551 790 1617 exsuperato
807 1549 901 1600 tamen
917 1558 999 1598 amne
1016 1540 1132 1616 arisque

124 1627 154 1683 in
168 1624 291 1683 adversa
306 1625 368 1701 ripa
381 1623 492 1682 dicatis.
521 1623 665 1701 epistulae
680 1641 796 1702 quoque
809 1625 889 1701 regis
904 1625 994 1701 ipsius
1011 1640 1133 1682 consen·

125 1710 199 1766 tiunt
226 1707 281 1770 his.
324 1707 450 1784 Reliqua
475 1707 541 1767 inde
569 1708 696 1768 Seleuco
720 1707 850 1768 Nicatori
877 1715 1032 1786 peragrata
1058 1713 1131 1765 sunt.
1150 1714 1185 1768 63

125 1793 160 1851 ad
179 1791 300 1867 Sydrum
316 1789 473 1851 CLXVHH
487 1790 557 1869 mil,
570 1792 716 1852 Iomanem
726 1810 836 1852 amnem
849 1792 1012 1850 tantundem
1023 1789 1133 1868 (aliqua

125 1876 306 1954 exemplaria
321 1875 446 1936 adiciunt
462 1874 490 1934 v
506 1878 584 1936 milia
600 1874 761 1958 passuum),
784 1875 851 1935 inde
866 1875 901 1934 ad
918 1873 1038 1951 Gangen
1055 1871 1134 1932 CXll

86 1981 112 2020 so
126 1960 181 2019 mil.
199 1959 235 2035 D,
254 1960 288 2019 ad
304 1958 483 2038 Hbodaphan
498 1959 661 2020 DLXVllll
682 1961 740 2020 mil.
775 1960 838 2038 (alii
859 1956 1017 2019 CCCXXV
1031 1957 1088 2016 mil.
1105 1958 1135 2016 in

126 2045 183 2103 hoc
199 2047 294 2121 spatio
314 2043 466 2124 produnt),
480 2043 515 2104 ad
533 2044 709 2123 Callinipaza
729 2046 864 2124 oppidum
884 2040 1014 2103 CLXVII
1029 2042 1087 2101 mil.
1109 2040 1134 2100 D

127 2128 192 2205 (alii
214 2126 342 2186 CCLXV
360 2127 452 2207 mil),
477 2129 543 2190 inde
567 2131 602 2190 ad
623 2129 817 2190 confluentem
838 2127 963 2188 Iomanis
988 2128 1078 2186 amnis
1105 2133 1136 2185 et

127 2211 234 2288 Gangis
252 2209 387 2270 DCXXV
402 2213 461 2272 mil.
481 2213 632 2293 (plerique
652 2214 777 2274 adiciunt
797 2212 865 2273 Xlll
886 2212 942 2272 mil.
959 2212 1013 2291 D),
1034 2210 1069 2269 ad
1085 2226 1136 2288 op·

127 2295 223 2372 pidum
244 2294 409 2354 Palibothra
426 2294 622 2373 CCCCXXV‚
644 2298 679 2356 ad
696 2301 800 2357 ostium
817 2296 923 2374 Gangis
943 2293 1135 2354 DCXXXVH

87 2398 113 2436 es
127 2377 184 2435 mil.
204 2376 230 2435 D
248 2394 324 2454 pass.
357 2375 467 2438 Gentes
484 2398 553 2456 quas
569 2397 732 2439 memorare
755 2398 813 2440 nou
835 2383 934 2458 pigeat
950 2398 965 2436 a
988 2377 1134 2435 montibus
1152 2385 1187 2439 64

126 2459 281 2535 Hemodis,
310 2475 431 2537 quorum
457 2465 682 2539 promunturium
707 2464 800 2523 Imaus
833 2460 1136 2522 vocatur-incolarum

128 2545 224 2621 lingua
245 2546 376 2603 nivosum
399 2546 596 2623 significante,
618 2547 707 2623 Isari,
728 2544 842 2622 Cosiri,
864 2545 920 2621 lui,
942 2553 973 2604 et
995 2561 1048 2622 per
1068 2546 1136 2620 iuga

128 2627 349 2705 Chirotosagis,
378 2630 587 2707 multarumque
609 2632 738 2708 gentium
761 2647 924 2706 cognomen
945 2627 1136 2705 Bragmanae,

127 2731 249 2792 quorum
266 2713 504 2790 Mactocalingae.
541 2714 654 2773 llumina
669 2714 770 2772 Prinas
794 2721 823 2773 et
846 2711 985 2790 Cainnas,
1008 2712 1088 2791 quod
1108 2713 1136 2770 iu

87 2816 114 2855 oo
129 2797 248 2874 Gangen
267 2796 374 2873 inllult,
391 2799 475 2857 ambo
492 2798 674 2875 navigabilia.
708 2806 814 2875 gentes
831 2794 970 2874 Calingae
984 2798 1054 2856 mari
1070 2813 1136 2874 pro-

127 2882 212 2957 ximi,
225 2890 260 2962 'et
276 2899 363 2958 supra
378 2879 525 2958 Mandaei,
543 2880 621 2940 Malli
638 2898 759 2959 quorum
775 2899 857 2942 mons
872 2880 993 2959 Mallus,
1012 2881 1136 2957 finisque

128 2973 256 3031 tractuus
274 2967 337 3024 eius
353 2962 479 3042 Ganges.

193 3047 239 3110 18.
257 3046 341 3128 (22.)
364 3048 444 3109 Hunc
465 3050 512 3109 alii
531 3052 649 3110 incertis
671 3052 800 3111 lontibus
819 3060 849 3109 ut
869 3050 965 3110 Nilum
983 3053 1135 3129 rigantem·
1153 3058 1188 3111 bb

129 3151 185 3211 que
206 3135 300 3192 vicina
321 3134 424 3193 eodem
439 3134 539 3209 modo,
564 3135 611 3193 alii
628 3137 657 3192 iu
673 3135 817 3209 Scythicis
835 3136 980 3216 montibus
1003 3137 1080 3195 nasci
1096 3134 1136 3193 di·

88 3224 241 3275 coxerunt.
277 3217 400 3276 inlluere
421 3221 450 3277 in
473 3237 535 3277 eum
556 3217 668 3278 XVHH
692 3227 805 3295 amnes,
832 3237 870 3278 ex
891 3218 934 3277 bis
956 3217 1137 3296 navigabiles

128 3308 247 3376 praeter
261 3302 316 3360 iam
337 3300 430 3360 dictos
449 3300 638 3379 Crenaccam,
660 3301 941 3378 Rhamnumbovam,
964 3300 1135 3380 Casuagum,

128 3385 245 3444 Sonum.
272 3385 319 3443 alii
332 3402 395 3443 cum
404 3403 507 3462 magno
517 3388 636 3465 lragore
649 3389 741 3465 ipsius
754 3389 849 3446 statim
860 3388 957 3447 sontes
971 3405 1135 3466 erumpere,

128 3468 330 3549 deiectumque
353 3486 408 3546 per
429 3470 585 3549 scopulosa
605 3480 635 3531 et
656 3472 794 3550 abrupta,
818 3471 865 3531 ubi
892 3472 1012 3549 primum
1033 3470 1135 3530 molles
