2400 3856
288 174 369 225 uso.
391 175 482 226 ausu.
504 176 538 225 v.
562 169 679 225 31-32.
703 160 844 243 (ao-oo.)
1008 158 1071 224 213

58 347 133 390 vero
151 330 180 389 in
196 329 256 390 alto
276 328 355 390 Peos
377 347 441 389 cum
456 328 581 409 oppido,
603 348 620 390 a
637 327 710 391 Chio
725 329 817 391 LXXI
831 329 861 390 Μ
877 328 901 389 D
925 347 1071 406 passuum,

58 413 224 474 tantundem
246 413 281 473 ab
310 411 455 490 Erythris.
496 413 579 474 quta
605 413 756 491 Zmyrnam
776 422 842 474 sunt
863 413 1070 490 Peristerides,

61 493 212 570 Carteria,
229 497 382 575 Alopece,
404 494 546 573 Diaeusa,
561 496 720 575 Bacchiae,
735 497 868 576 Pystira,
884 496 1071 572 Crommyon·

59 598 168 657 nesus,
190 579 317 658 Megale.
357 589 424 641 aute
446 579 561 641 Troada
581 580 743 661 Ascaniae,
764 582 884 643 Plateae
904 590 985 657 tres,
1003 581 1072 640 dein

24 680 38 722 c
59 662 185 742 Lamiae,
204 664 346 726 Plitaniae
360 664 452 742 duae,
468 664 562 744 Plate,
579 664 741 747 Scopelus,
759 664 891 743 Getone,
905 663 1071 740 Anthedon,
1088 685 1090 688 ¹

61 747 172 822 Coele,
187 747 337 826 Lagusae,
353 747 503 826 Didymae.

123 830 205 911 (39.)
229 831 395 893 Clarissima
407 841 502 894 autem
516 831 641 911 Lesbos,
658 851 675 895 a
687 831 760 894 chlo
775 831 856 894 LXV
868 830 898 891 Μ
913 848 1059 909 passuum,
1072 831 1123 885 139

59 915 191 978 Himerte
209 924 239 976 et
253 915 352 994 Lasia,
368 915 519 995 Pelasgia,
542 918 670 996 Aegira,
692 917 861 996 Aethiope,
883 915 1007 975 blacaria
1023 932 1072 992 ap·

62 999 171 1079 pellata
190 1001 261 1078 fuit,
289 1018 395 1062 novem
418 1001 534 1081 oppidis
555 1001 672 1063 incluta.
711 1020 749 1062 ex
771 1001 816 1063 his
841 999 951 1076 Pyrrha
970 998 1073 1058 hausta

19 1103 46 1143 so
62 1094 108 1145 cst
134 1087 222 1161 mari,
248 1085 358 1146 Arisbe
384 1093 526 1146 terrarum
552 1094 632 1146 motu
658 1085 819 1162 subversa,
845 1083 994 1144 Antissam
1013 1079 1073 1141 ble-

60 1168 176 1245 thymna
197 1170 286 1228 traxit
305 1170 335 1229 iu
352 1188 403 1246 se,
424 1170 488 1247 ipsa
508 1187 615 1230 novero
634 1169 755 1230 urbibus
775 1168 866 1229 Asiae
884 1169 914 1226 iu
932 1162 1073 1225 XXXVII

59 1251 89 1311 Μ
107 1270 244 1330 passuum
260 1253 364 1312 vicina.
395 1262 425 1312 et
441 1253 593 1330 Agamede
611 1253 684 1313 obiit
699 1261 730 1314 et
743 1251 840 1313 Hiera.
873 1257 986 1310 restant
1001 1247 1073 1308 Ere·

32 1348 34 1352 ’
61 1355 129 1411 sos,
154 1334 265 1411 Pyrrha
279 1343 309 1395 et
332 1335 426 1395 libera
445 1334 584 1412 Mytilene
601 1338 682 1397 annis
696 1335 725 1396 Μ
741 1336 767 1395 D
784 1345 899 1414 potens.
930 1333 1005 1393 Tota
1021 1334 1062 1392 in·
1074 1341 1125 1394 140

62 1419 125 1480 sula
139 1418 293 1495 ciscuitur,
313 1426 343 1477 ut
358 1417 508 1496 Isidorus,
530 1416 675 1481 ctxvttt
690 1418 720 1479 Μ
734 1437 885 1497 passuum,
907 1425 937 1476 ut
952 1425 1072 1477 veteres

19 1521 47 1560 15
63 1500 168 1562 CXCV
182 1501 221 1562 M.
252 1510 366 1563 montes
379 1502 467 1563 habet
478 1501 697 1581 Lepetymnum,
713 1501 898 1579 Ordymnum,
912 1499 1073 1574 blacistum,

61 1585 226 1664 Creonem,
247 1584 408 1665 Olympum.
447 1604 464 1647 a
486 1589 619 1665 proxima
639 1587 808 1646 continente
829 1585 914 1645 abest
935 1582 990 1643 Vll
1005 1581 1073 1641 ΜΒ

61 1689 205 1750 passuum.
247 1670 364 1732 Insulae
386 1671 538 1748 adpositae
560 1669 739 1747 Sandalium,
764 1669 880 1729 Leucae
899 1667 935 1727 V.
979 1685 1017 1726 ex
1038 1668 1074 1725 iis

63 1752 202 1831 Cydonea
218 1773 281 1816 cum
299 1755 381 1816 ionte
403 1754 505 1815 calido.
536 1754 718 1833 Arginussae
733 1754 769 1817 ab
785 1753 872 1831 Aege
892 1751 947 1811 1111
962 1749 991 1810 Μ
1009 1769 1075 1829 pas-

62 1856 144 1898 suum
171 1839 288 1898 distaut.
324 1839 392 1899 dein
411 1837 563 1915 Phellusa,
590 1838 694 1898 Pedna.
738 1837 829 1897 Extra
852 1836 1075 1913 Hellespontum

19 1940 49 1980 so
63 1922 187 1982 adversa
198 1922 289 2000 Sigeo
304 1921 385 1981 litori
406 1923 483 1983 iacet
495 1920 630 1982 Tenedus
642 1920 831 1998 Leucophrys
847 1920 922 1980 dicta
940 1927 970 1980 et
982 1918 1075 1978 Phoe·

61 2007 128 2148 §agee
144 2014 174 2065 et
189 2005 347 2081 Lyrnesos.
378 2005 463 2068 abest
483 2023 501 2067 a
518 2004 616 2067 Lesbo
638 2004 749 2066 LVIII
768 2018 919 2083 passuum,
946 2021 963 2062 a
982 2002 1075 2079 Sigeo

126 2171 176 2237 32.
194 2171 277 2253 (40.)
290 2173 431 2252 Impetum
443 2173 548 2235 deinde
560 2175 645 2234 sumit
662 2173 872 2252 Hellespontus
890 2180 920 2232 et
938 2172 969 2230 io
985 2188 1065 2230 mare
1078 2179 1127 2247 141

63 2257 219 2334 incumbit,
238 2259 399 2319 verticibus
414 2257 534 2318 limitem
547 2259 682 2334 fodiens,
698 2258 794 2318 donec
811 2258 909 2316 Asiam
925 2255 1076 2331 abrumpat

22 2342 211 2419 ssEuropae.
245 2343 473 2418 promunturium
490 2341 519 2400 id
536 2341 744 2420 appellavimus
766 2339 933 2417 Trapezam.
967 2337 1015 2395 Ab
1037 2353 1120 2396 eoos
1184 2400 1187 2405 ,

64 2422 132 2486 ΧΜ
144 2441 281 2502 passuum
296 2422 431 2499 Abydum
446 2422 600 2501 oppidum,
617 2424 666 2483 ubi
679 2424 830 2501 angustiae
843 2420 897 2479 Vll
908 2420 1074 2479 stadiorum.

66 2507 171 2569 deinde
199 2505 325 2567 Percote
357 2505 494 2584 oppidum
522 2514 553 2566 et
574 2504 761 2584 Lampsacum
783 2513 868 2564 autea
896 2503 1016 2577 Pityusa
1036 2500 1077 2560 di·

66 2601 158 2666 ctum,
185 2589 299 2650 Parium
321 2589 437 2650 colonia
458 2607 542 2667 quam
557 2588 699 2649 Homerus
716 2587 880 2648 Adrastiam
905 2585 1076 2664 appellauit,

67 2675 204 2754 oppidum
229 2672 369 2752 Priapos,
395 2674 485 2733 amnis
513 2672 668 2753 Aesepus,
702 2671 799 2746 Lelia,
828 2671 995 2749 Propontis.
1037 2670 1076 2727 ita

24 2776 52 2816 so
68 2759 231 2838 appellatur
259 2757 307 2818 ubi
336 2777 369 2817 se
396 2757 496 2816 dilatat
523 2775 612 2818 mare.
653 2755 758 2816 flumen
778 2752 945 2831 Granicum,
968 2752 1076 2813 Artace

65 2852 169 2924 portus
184 2842 233 2903 ubi
250 2841 386 2922 oppidum
401 2841 462 2901 luit.
506 2840 579 2901 ultra
595 2839 687 2901 insula
703 2857 785 2919 quarn
800 2839 960 2899 continenti
975 2838 1066 2896 iuurrit
1078 2846 1128 2896 112

65 2927 252 3004 Alexander,
275 2927 304 2985 ln
329 2943 386 3004 qua
408 2924 544 3004 oppidum
565 2924 745 2990 Hilesiorum
769 2921 905 3000 Cyzicum
921 2931 1007 2981 antea
1025 2937 1077 2979 vo·

66 3013 184 3071 citatum
199 3010 403 3073 Arctonnesos
427 3017 457 3069 et
472 3007 607 3070 Dolionis
623 3016 653 3069 et
668 3007 815 3086 Didymis,
836 3007 917 3066 cuius
932 3023 949 3064 a
965 3005 1077 3064 vertice

66 3112 149 3153 mons
164 3092 313 3169 Didymus.
353 3111 422 3154 mox
438 3092 545 3172 oppida
565 3091 676 3170 Placia,
698 3093 822 3167 Ariace,
843 3088 982 3166 Scylace,
1006 3104 1077 3166 quo·

24 3193 52 3234 ss
67 3197 129 3238 rum
144 3195 160 3237 a
176 3185 262 3254 tergo
281 3195 363 3238 mons
380 3175 520 3253 Olympus
534 3174 645 3254 Hysius
661 3177 771 3251 dictus,
788 3174 892 3234 civitas
908 3170 1076 3250 Olympena.
1125 3213 1130 3219 -

66 3280 165 3323 amnes
180 3259 314 3320 Horisius
331 3268 362 3322 et
381 3258 555 3336 Rhyndacus
575 3269 642 3321 ante
656 3260 751 3336 Lycus
767 3264 898 3317 vocatus.
935 3257 1035 3315 oritur
1049 3256 1077 3313 iu

66 3354 171 3423 stagno
194 3345 317 3421 Artynia
338 3347 417 3406 iuxta
439 3342 652 3423 bliletopolim,
673 3343 779 3420 recipit
795 3339 947 3401 Haceston
964 3347 994 3400 et
1016 3337 1077 3418 ple-

65 3447 176 3507 rosque
197 3429 286 3506 alios,
308 3429 408 3490 Asiam
426 3425 647 3506 Bithyniamque
668 3425 879 3487 disterminans.
912 3423 955 3484 Ea
970 3422 1131 3502 appel-143
