2400 3856
138 176 202 240 212>
481 187 513 235 c.
535 187 630 233 rrum
652 184 802 235 securum

140 357 218 419 tero,
234 352 265 404 et
280 346 310 403 in
323 343 498 402 Arconneso
514 340 653 419 oppidum
664 337 815 400 Ceramus.
844 338 875 397 iu
890 334 996 399 Cariae
1013 354 1069 399 ora
1082 356 1149 417 quae

141 437 282 488 uocantur
300 427 413 504 Argiae
437 441 558 485 numero
579 422 652 499 XX,
675 431 705 482 et
721 421 884 498 llyetussa,
901 420 1030 501 lepsia,
1053 422 1149 484 beros.

91 525 140 577 134
152 511 332 572 nobilissima
346 517 441 570 autem
457 510 487 567 in
502 526 539 568 eo
557 509 622 566 sinu
640 505 720 566 Coos
736 506 773 566 ab
786 504 976 566 Halicarnaso
992 506 1152 585 quindecim

141 596 200 656 mil.
213 613 349 674 passuum
364 592 485 669 distans,
500 593 622 652 circuitu
637 589 673 667 C,
688 599 719 650 ut
733 589 834 669 plures
850 590 1018 650 existimant
1032 588 1152 669 lllerope

141 691 262 755 vocata,
284 677 345 738 Cea
362 685 393 736 ut
408 675 582 755 Staphylus,
598 673 729 753 lleropis
743 681 775 733 ut
790 672 968 751 Dionysius,
986 672 1060 735 dein
1072 672 1174 751 Nymt

141 765 243 842 phaea.
274 780 357 822 mons
372 761 413 821 ibi
429 760 529 837 Prion,
543 767 573 819 et
583 757 714 835 Nisyron
728 757 879 836 abruptam
892 756 936 816 illi
948 766 1067 837 putant,
1084 776 1153 837 quae

142 848 303 926 Porphyris
318 854 404 906 antea
423 845 499 905 dicta
514 851 571 903 est.
605 840 679 902 llinc
694 840 843 917 Caryanda
859 859 925 900 cum
941 840 1069 921 oppido.
1104 860 1153 903 uec

142 931 246 1009 procul
274 931 310 990 ab
332 929 519 989 Halicarnaso
541 926 692 987 Pidossus.
732 926 763 984 in
789 923 941 986 Ceramico
968 928 1154 987 autem·sinu

143 1016 378 1093 Priaponuesos,
399 1011 627 1089 llipponnesos,
649 1010 794 1088 Pserima,
814 1008 952 1087 Lampsa,
975 1008 1153 1088 Aemyudus,

144 1098 279 1171 Passala,
296 1095 404 1170 Crusa,
422 1093 649 1171 Pyrrhaeciusa,
670 1094 811 1172 Sepiusa,
824 1091 959 1168 blelauo,
983 1094 1181 1173 pautnnqreu

143 1201 161 1241 a
176 1182 346 1241 continente
362 1178 472 1237 distans
494 1195 569 1255 quae
584 1186 688 1237 vocata
709 1186 756 1238 est
772 1175 982 1256 Cinaedopolis
1003 1177 1154 1256 probrosis

143 1265 185 1324 ibi
201 1263 313 1322 relictis
328 1280 344 1321 a
362 1279 435 1338 rege
456 1261 634 1322 Alexandro.

94 1363 144 1415 135
219 1345 303 1424 (37.)
326 1345 425 1405 ioniae
443 1363 495 1405 ora
508 1345 628 1423 Aegeas
646 1355 676 1406 et
694 1344 822 1407 Corseas
837 1346 927 1407 habet
943 1353 975 1406 et
991 1344 1111 1425 lcaron,
1124 1346 1157 1407 de

94 1461 138 1505 ces
146 1450 202 1510 qua
217 1431 323 1490 dictum
337 1439 395 1505 est,
408 1428 507 1489 Laden
521 1447 596 1507 quae
611 1432 692 1507 prius
703 1429 775 1490 hate
789 1430 959 1506 uocabatur,
975 1438 1067 1508 atque
1084 1433 1158 1491 inter

144 1515 294 1593 ignobiles
323 1513 434 1590 aliquot
460 1512 531 1572 duas
552 1510 708 1573 Camelitas
733 1513 837 1574 llileto
865 1515 997 1591 vicinas,
1027 1513 1183 1591 blycalaess

145 1598 292 1676 Trogilias
309 1606 382 1667 tres,
398 1595 522 1671 Philion,
538 1596 711 1673 Argennon,
725 1597 898 1674 Sandalion,
912 1596 1021 1658 Samon
1037 1597 1158 1660 liberam

146 1685 269 1742 circuitu
292 1678 509 1739 lxxxviiii
534 1679 560 1738 D
585 1697 721 1757 passuum
745 1689 810 1755 aut,
835 1690 867 1737 ut
890 1679 1043 1760 Isidorus,
1073 1680 1097 1742 C
1121 1680 1155 1742 ll.

147 1765 329 1825 Partheniam
360 1765 481 1842 primum
510 1763 686 1841 appellatam
710 1762 892 1822 Aristoteles
916 1764 1022 1840 tradit,
1054 1775 1157 1842 postea

146 1850 305 1925 Dryusam,
330 1847 435 1907 deinde
457 1847 673 1907 Anthemusam.
713 1846 909 1906 Aristocritus
933 1845 1022 1906 adicit
1044 1847 1157 1910 llelam-

141 1925 286 2012 ⁴phyllum,
300 1931 366 1991 dein
380 1928 587 2008 Cyparissiam,
601 1930 649 1990 alii
661 1929 967 2006 Parthenoarrhusam,
978 1929 1183 2009 stephanone

147 2035 246 2076 amnes
264 2018 294 2074 in
310 2034 345 2074 ea
361 2015 522 2091 lmbrasus,
540 2013 681 2090 Chesius,
702 2012 873 2090 llibietbes,
887 2014 988 2073 fontes
1006 2012 1156 2093 Gigartho,

147 2097 326 2173 Lerrcothea,
344 2115 427 2157 mons
441 2095 605 2158 Cercetius.
628 2097 761 2160 adiacent
776 2097 890 2158 insulae
907 2096 1064 2177 Rhypara,
1075 2096 1156 2176 Nym

148 2179 258 2258 phaea,
272 2178 416 2239 Achillea.
824 2191 829 2198 ’

98 2277 149 2330 136
223 2260 306 2340 (38.)
329 2263 386 2322 Par
405 2262 537 2325 claritate
556 2264 593 2324 ab
610 2283 645 2325 ea
665 2265 753 2326 distat
767 2265 876 2327 xc1111
889 2264 920 2326 ll
939 2284 1081 2345 passuum
1099 2285 1156 2327 cum

150 2347 259 2426 oppido
272 2345 361 2407 Chios
380 2346 490 2426 libera,
509 2367 592 2426 quarn
603 2350 765 2411 Aethaliam
777 2349 913 2429 Ephorus
927 2352 1030 2429 prisco
1045 2353 1183 2413 nominett

150 2431 295 2509 appellat,
314 2430 501 2492 bletrodorus
526 2442 556 2492 et
572 2431 732 2494 Cleobulus
749 2433 849 2495 Chiam
863 2453 880 2494 a
895 2433 1009 2495 Chione
1025 2435 1156 2514 nympha,

150 2516 238 2592 aliqui
259 2532 275 2573 a
296 2517 380 2590 uiue,
404 2524 435 2574 et
451 2515 562 2576 llacrin
581 2526 611 2578 et
627 2518 784 2594 Pityusam.
814 2527 943 2579 montem
962 2517 1053 2579 habet
1068 2519 1156 2580 Pelin-

149 2616 263 2674 uaeum,
280 2616 402 2658 marmor
422 2596 530 2658 Chium.
566 2604 689 2661 circuitu
705 2600 812 2663 CXXV
827 2602 856 2662 ll
875 2620 1012 2681 passuum
1036 2604 1156 2681 colligit,

150 2689 181 2736 ut
195 2689 314 2739 ueteres
327 2680 484 2759 tradidere,
500 2682 630 2744 Isidorus
646 2685 728 2744 Vllll
742 2686 771 2745 ll
786 2687 880 2746 adicit.
911 2689 1008 2764 posita
1024 2696 1073 2747 est
1087 2690 1157 2747 inter

99 2771 150 2823 137
162 2761 275 2821 Samum
293 2772 323 2821 et
338 2762 481 2839 Lesbum,
499 2784 538 2824 ex
551 2766 676 2829 adverso
693 2772 815 2830 maxime
831 2770 1031 2846 Erythrarum.
1063 2770 1183 2831 rimu-a

151 2864 214 2905 mae
237 2853 303 2905 sunt
327 2845 446 2905 Tellusa
472 2865 555 2924 quam
581 2850 628 2909 alii
654 2850 837 2931 Daphnusam
859 2855 1006 2931 scribunt,
1034 2853 1157 2930 Cenum,

153 2929 306 3008 Elaphitis,
322 2928 522 3007 Euryanassa,
539 2933 687 3012 Arginusa
703 2955 767 2996 cum
782 2937 901 3016 oppido.
936 2937 996 2997 lam
1013 2938 1069 2999 hae
1087 2940 1159 2999 circa

152 3014 301 3093 Ephesum
321 3022 350 3073 et
372 3032 446 3092 quae
462 3014 606 3078 Pisistrati
627 3029 767 3080 vocantur
781 3021 943 3096 Anthinae,
970 3020 1158 3098 llyonnesos,

153 3098 331 3159 Diarrheusa
348 3100 530 3178 (inutraque
549 3102 656 3180 oppida
671 3103 876 3183 intercidere),
892 3104 1079 3168 Poroselene
1101 3122 1160 3167 cum

154 3182 275 3260 oppido,
291 3181 429 3260 Cerciae,
445 3182 568 3262 llalone,
586 3184 755 3264 Commode,
772 3187 880 3266 llletia,
897 3188 1021 3268 hepria,
1037 3190 1185 3267 Aethra&

155 3266 306 3344 Sphaeria,
321 3265 480 3344 Procusae,
491 3268 643 3347 Bolbulae,
658 3269 779 3349 Pheate,
789 3271 924 3350 Priapos,
936 3272 1025 3350 Syce,
1035 3273 1160 3349 Melane,

155 3350 283 3425 Aenare,
295 3348 406 3416 Sidusa,
419 3349 502 3426 Pele,
512 3351 664 3430 Drymusa,
676 3354 844 3434 Anhydros,
856 3356 1013 3435 Scopelus,
1025 3358 1160 3435 Sycussa,

103 3431 344 3509 138llarathusa,
370 3432 464 3510 Psile,
487 3434 694 3514 Perirrhousa,
714 3440 881 3520 multaeque
894 3440 1053 3518 ignobiles.
1087 3443 1161 3503 clara
