2400 3856
378 201 458 250 nnn.
475 203 566 252 nisu.
583 204 618 249 v.
635 195 721 248 4-5.
739 188 857 268 (Η.)
1063 181 1123 247 189

114 357 244 418 Latinum
277 373 362 416 unum
395 353 585 417 Uzalitanum.
626 355 763 433 oppidum
791 355 1009 434 stipendiarium
1041 371 1126 422 unum

116 438 226 500 Castris
240 435 396 500 Corneliis.
421 438 634 517 oppidalibera
646 437 739 516 XXX,
751 440 902 516 exquibus
914 438 1034 499 dicenda
1049 440 1125 497 intus
1142 439 1177 494 30

115 524 349 599 Achollitanum,
365 523 584 598 Accaritanum,
606 522 772 599 Avinense,
793 521 1009 597 Abziritanum,
1032 519 1124 582 Cano·

116 611 258 687 pilanum,
281 604 493 682 Melinitanum,
517 604 701 680 Materense,
727 605 957 684 salaphitanum,
979 603 1124 664 Tusdrita-

85 703 98 745 a
116 711 192 769 num,
209 689 397 770 Piphicense,
409 689 582 765 Punisensc,
593 687 779 767 Theodeuse,
792 689 973 765 Tagesense,
990 687 1125 764 Sigense,
1190 704 1194 710 ·

117 773 411 850 Ulusubburitanum,
425 772 564 850 Vagense
583 772 674 849 aliud,
691 772 812 847 Siense,
829 772 992 832 Ziamense.
1019 769 1064 828 En
1080 789 1126 829 re·

115 859 195 937 liquo
209 875 328 918 numero
342 876 401 918 non
415 858 549 917 civitates
564 865 672 916 tantum
686 857 739 916 sed
749 855 883 934 plerique
897 858 983 916 etiam
994 856 1125 914 nationes

116 945 179 1001 iure
200 942 255 1001 dici
279 950 418 1020 possunt,
440 951 470 1001 ut
491 939 676 1016 Natabudes,
701 938 866 1018 Capsitani,
888 938 1056 1014 Musulami,
1078 938 1127 998 Sa·

116 1025 273 1102 barbares,
301 1024 438 1102 Massyli,
464 1025 601 1104 Nicives,
627 1023 818 1094 Vamacures,
850 1021 973 1098 Cinithi,
1002 1019 1127 1097 Musoni,

77 1108 292 1188 roMarchubii,
316 1120 345 1170 et
367 1119 427 1172 tota
450 1110 581 1171 Gaetulia
599 1107 634 1168 ad
658 1109 762 1169 flumen
782 1107 910 1186 Nigrim,
932 1106 980 1185 qui
999 1104 1127 1165 Africam
1178 1152 1182 1159 .

118 1194 153 1264 ab
169 1193 326 1272 Aethiopia
341 1194 454 1254 dirimit.

182 1276 212 1338 5.
232 1275 292 1356 (5.)
308 1277 480 1356 Cyrenaica,
496 1278 596 1338 eadem
612 1277 831 1356 Pentapolitana
848 1279 944 1354 regio,
961 1276 1128 1335 inlustratur
1146 1288 1177 1344 31

117 1360 282 1420 Hammonis
301 1361 420 1419 oraculo
433 1361 510 1438 quod
526 1380 541 1420 a
555 1358 678 1437 Cyrenis
695 1362 779 1422 abest
792 1358 929 1421 CCCCM
942 1378 1031 1438 pase,
1046 1361 1127 1420 fonte

118 1445 213 1520 Solis,
240 1444 360 1503 urbibus
380 1447 502 1504 maxime
523 1447 568 1522 V,
589 1445 747 1522 Berenice,
769 1446 912 1519 Arsinoe,
935 1443 1128 1519 Ptolomaide,

80 1542 104 1582 15
119 1529 276 1607 Apollonia
298 1531 420 1607 ipsaque
435 1526 559 1605 Cyrene.
595 1529 738 1589 Berenice
753 1531 782 1589 in
799 1529 893 1606 Syrtis
915 1529 1023 1588 extimo
1039 1545 1128 1587 cornu

121 1621 183 1690 est,
203 1612 344 1690 quondam
361 1622 464 1674 vocata
478 1613 670 1691 Hesperidum
686 1633 772 1692 supra
788 1615 942 1689 dictarum,
959 1611 1128 1688 vagantibus
1146 1632 1159 1667 s

118 1697 259 1758 Graeciae
281 1696 396 1757 fabulis.
434 1697 497 1757 Nec
524 1696 627 1776 procul
647 1706 713 1756 ante
736 1699 872 1777 oppidum
895 1694 1127 1771 fluvius-Leton,

87 1794 89 1799 ·
117 1782 199 1840 lucus
221 1798 321 1857 sacer,
350 1781 399 1840 uhi
424 1780 619 1860 Hesperidum
642 1781 720 1850 horti
741 1789 945 1841 memorantur.
985 1780 1069 1839 abest
1091 1777 1127 1837 ab

117 1864 203 1942 Lepti
219 1862 402 1923 CCCLXXV
414 1863 444 1924 M
461 1884 538 1944 pass.
576 1864 622 1924 Ab
640 1884 674 1925 ea
697 1865 825 1926 Arsinoe
843 1865 985 1925 Peuchira
1002 1865 1129 1922 vocitata
1145 1868 1179 1922 3²

78 1964 104 2003 an
117 1946 208 2006 XLlll
229 1946 259 2006 Μ
281 1967 370 2026 pass,
400 1957 429 2008 et
450 1949 555 2009 deinde
576 1949 732 2009 Ptolomais
754 1952 871 2027 antiquo
894 1950 1010 2008 nomine
1034 1946 1127 2004 Barce

116 2031 200 2091 XXIl
218 2030 248 2090 M
269 2050 414 2110 passuum.
442 2052 510 2093 mox
530 2032 579 2094 XL
596 2032 625 2092 Μ
645 2051 723 2112 pass.
747 2033 974 2110 promunturium
994 2029 1127 2106 Phycuus

117 2131 172 2192 per
188 2113 334 2176 Creticum
347 2136 425 2178 mare
439 2119 576 2194 excurrit,
595 2119 704 2178 distans
718 2114 855 2177 CCCLM
867 2136 945 2196 pass.
963 2133 978 2174 a
994 2114 1127 2175 Taenaro

116 2199 277 2261 laconicae
300 2204 516 2279 promunturio,
537 2221 553 2261 a
574 2200 660 2262 Creta
677 2220 750 2262 vero
773 2204 835 2280 ipsa
853 2198 986 2261 CCXXV
998 2196 1039 2259 M.
1058 2205 1126 2275 post

116 2283 146 2341 id
165 2280 298 2359 Cyrene,
312 2288 408 2345 amari
419 2284 496 2344 XlM
508 2304 597 2362 pass,
611 2287 645 2344 ab
658 2284 807 2358 Phycunte
819 2284 1003 2362 Apolloniam
1017 2280 1128 2341 XXllH

79 2363 146 2423 ssM
164 2384 254 2442 pass,
268 2367 303 2426 ad
319 2365 532 2426 Cherronesum
546 2366 723 2426 LXXXVlll
737 2367 767 2425 Μ
785 2385 934 2445 passuum,
954 2367 1028 2424 unde
1045 2363 1128 2423 Cata·

117 2449 260 2507 bathmum
275 2446 394 2508 CCXVI
408 2448 436 2508 Μ
452 2468 529 2528 pass.
560 2450 704 2508 Accolunt
720 2447 925 2525 Marmaridae,
942 2467 958 2508 a
973 2448 1126 2508 Paraetoni
1143 2452 1177 2506 33

117 2533 209 2591 ferme
227 2534 350 2608 regione
370 2533 405 2592 ad
421 2532 526 2609 Syrtim
542 2535 679 2592 maiorem
702 2550 793 2611 usque
810 2534 950 2609 porrecti.
981 2539 1049 2610 post
1073 2548 1125 2590 eos

118 2615 297 2675 Acrauceles
312 2633 345 2674 ac
360 2617 414 2675 iam
433 2618 462 2676 in
478 2633 529 2675 ora
544 2615 636 2692 Syrtis
652 2614 849 2691 Nasamones,
872 2633 945 2694 quos
964 2624 1048 2675 antea
1065 2612 1126 2675 Me-

118 2718 279 2760 sammones
297 2698 363 2758 Grai
379 2700 569 2779 appellavere
585 2700 621 2760 ab
637 2710 807 2778 argumento
824 2698 898 2777 loci,
921 2700 1034 2761 medios
1050 2701 1127 2759 inter

77 2801 103 2841 ao
117 2785 239 2844 harenas
262 2785 345 2843 sitos.
383 2782 561 2860 Cyrenaicus
578 2803 649 2861 ager
665 2784 720 2845 XV
735 2783 764 2844 Μ
779 2803 914 2865 passuum
937 2784 1087 2846 latitudine
1111 2800 1127 2843 a

116 2870 203 2929 litore
224 2877 253 2928 et
269 2866 423 2928 arboribus
445 2869 550 2928 fertilis
566 2869 705 2946 habetur,
730 2871 804 2929 intus
826 2870 930 2929 eodem
948 2870 1043 2948 spatio
1068 2868 1127 2925 iru-

115 2953 201 3027 gibus
224 2960 348 3029 tantum,
379 2970 446 3013 mox
466 2950 550 3012 XXX
570 2951 599 3012 Μ
621 2970 757 3030 passuum
781 2953 931 3013 latitudine
953 2962 981 3011 et
1003 2947 1074 3009 CCL
1097 2947 1128 3008 Μ
1192 2974 1197 2983 .

118 3053 250 3112 passuum
265 3034 445 3113 longitudine
467 3035 553 3095 lasani
572 3038 668 3098 modo.
701 3037 772 3097 Post
791 3035 968 3095 Nasamonas
986 3033 1125 3092 Hasbitae
1143 3037 1178 3091 3⁴

117 3126 147 3178 et
162 3117 261 3178 Macae
280 3120 397 3198 vivont,
413 3120 487 3179 ultra
505 3138 559 3180 eos
575 3119 713 3181 Amantes
731 3119 881 3180 duodecim
895 3120 1004 3179 dierum
1019 3119 1124 3176 itinere

78 3219 133 3262 aaa
155 3202 288 3276 Syrtibus
311 3204 469 3264 maioribus
493 3203 527 3264 ad
549 3206 727 3265 occidentem
752 3213 782 3263 et
804 3205 860 3282 ipsi
883 3221 986 3263 versus
1009 3201 1125 3262 harenis

117 3286 299 3362 circumdati,
314 3296 421 3364 puteos
438 3296 532 3347 tamen
544 3288 611 3348 haut
622 3288 739 3349 difficile
752 3287 848 3348 binum
858 3288 951 3346 lerme
964 3286 1126 3346 cubitorum

116 3368 266 3429 altitudine
298 3371 446 3432 inveniunt
476 3373 516 3432 ibi
549 3372 783 3450 restagnantibus
807 3369 1004 3431 Mauretaniae
1033 3372 1124 3447 aquis.

117 3453 235 3514 domnus
251 3454 314 3514 sale
329 3457 474 3517 montibus
490 3459 550 3517 suis
570 3459 670 3517 exciso
687 3474 741 3516 ceu
756 3455 851 3534 lapide
869 3463 1047 3516 construunt.
1077 3453 1125 3513 Ab
