2400 3856
337 197 417 245 usn.
441 195 532 245 nisu.
555 195 607 244 ιιι.
625 189 744 241 19-22.
767 186 909 259 (aa-ao)
1068 177 1128 245 151

120 348 303 412 redactae.
339 346 477 410 Gentes
499 349 654 427 Alpinae
677 349 853 410 devictae
874 347 1128 427 Triumpilini,

121 432 290 494 Camunni
298 431 794 510 „Venostes,Vennonetes
810 432 950 494 Isarchi
958 431 1128 509 ,Breuni,

121 515 352 592 Caenaunes,
392 516 619 594 Focunates,
660 514 940 577 vindelicorum
978 520 1180 592 genteslat

120 608 312 680 quattuor,
329 599 599 678 Consuanetes,
610 562 829 677 iluciuatcs,
848 598 1010 674 Licates,
1026 594 1128 657 Cate-

89 690 103 728 ῑ·
122 682 692 762 nates,Ambisontes,Rugusci,
705 679 1129 758 Suanetes,(lalucones,

121 767 334 846 Brixentes,
360 767 537 847 Leponti,
567 766 699 843 Uberi,
728 765 948 842 Nantuates,
975 763 1130 840 Seduni,

122 851 459 929 Veragrr,Salassr,
468 846 1047 927 Acitavones,lliedull1,Ucennr
1066 844 1130 907 Ca·

123 930 1130 1096 lilim?ltltltdtsslillilllataliuilttl

1120 1056 1130 1091 7

83 1099 107 1137 ¹⁰
123 1100 266 1180 Ecdini,
284 1101 488 1181 Vergunni,
504 1062 718 1182 Xguituri,
707 1101 939 1178 Nementuri,
955 1098 1130 1175 Oratelli,

120 1185 270 1264 Nerusi,
286 1185 461 1262 Velauni,
478 1186 610 1247 Suetri.
637 1185 703 1246 Non
726 1193 792 1246 sunt
813 1186 944 1246 adiectae
962 1182 1114 1244 Cottianae
1132 1186 1183 1246 138

120 1270 254 1328 civitates
267 1269 333 1345 XV,
348 1287 423 1348 quae
439 1288 497 1329 non
511 1271 625 1330 luerunt
637 1269 772 1345 hostiles,
784 1271 853 1329 item
864 1268 1030 1329 adtributae
1041 1269 1131 1328 muni·

120 1352 204 1429 cipiis
221 1351 290 1428 lege
307 1351 457 1431 Pompeia.
492 1351 571 1413 llaec
592 1361 638 1413 est
653 1352 735 1413 ltalia
754 1353 809 1412 diis
826 1370 925 1428 sacra,
947 1351 1001 1412 hae
1023 1359 1130 1430 gentes

122 1435 196 1512 eius,
216 1435 289 1495 haec
303 1435 409 1514 oppida
426 1436 608 1515 populorum.
638 1454 728 1515 super
743 1434 816 1496 haec
830 1435 913 1495 Italia
934 1452 1008 1513 quae
1023 1434 1054 1495 L.
1072 1433 1132 1495 Ae·

83 1529 108 1570 15
123 1518 201 1577 milio
228 1517 317 1579 Paulo
346 1516 380 1579 G.
400 1518 505 1580 Attilio
523 1519 639 1599 Regulo
665 1519 835 1580 consulibus
860 1520 991 1579 nuntiato
1018 1517 1130 1577 Gallico

122 1601 242 1661 tumultu
261 1602 323 1662 sola
339 1605 403 1664 sine
421 1606 552 1664 externis
565 1605 631 1665 ullis
647 1604 761 1665 auxiliis
776 1611 863 1682 atque
881 1604 966 1663 etiam
985 1610 1052 1661 tunc
1067 1603 1131 1660 sine

121 1684 334 1764 Transpadanis
358 1689 486 1765 equitum
505 1686 612 1747 LXXX
633 1687 680 1766 Μ,
707 1687 835 1767 peditum
855 1683 931 1746 DCC
951 1684 981 1746 Μ
1001 1685 1131 1745 armavit.

120 1770 303 1830 metallorum
324 1770 448 1846 omnium
468 1770 619 1831 fertilitate
644 1770 730 1832 nullis
750 1772 828 1832 cedit
845 1771 941 1832 terris.
972 1769 1026 1830 sed
1044 1770 1132 1828 inter·
1195 1788 1199 1793 ’

122 1853 228 1913 dictum
243 1852 271 1913 id
285 1861 390 1914 vetere
406 1852 541 1914 consulto
558 1862 669 1930 patrum
682 1852 783 1914 ltaliae
803 1857 880 1933 parci
897 1853 1066 1914 iubentium.

81 1940 109 1982 2⁰
183 1935 233 1999 21.
253 1936 337 2016 (25.)
351 1936 457 1999 Arsiae
471 1955 545 2015 gens
563 1935 754 1997 Liburnorum
770 1939 898 2015 iungitur
909 1955 1001 2015 usque
1018 1936 1054 1997 ad
1067 1936 1117 1997 liu·
1133 1947 1184 2002 139

120 2039 186 2082 men
203 2019 325 2098 Tityum.
360 2021 430 2083 Pars
448 2023 510 2082 eius
527 2019 792 2097 iucrellentores,
806 2019 935 2096 llimani,
951 2019 1130 2097 Encheleae‚

120 2103 192 2165 Buni
212 2113 242 2166 et
257 2122 331 2184 quos
344 2103 534 2167 Callimachus
548 2104 701 2166 Peucetias
717 2103 861 2184 appellat,
877 2121 952 2164 nunc
968 2111 1060 2165 totum
1074 2123 1131 2167 uno

121 2190 237 2250 nomine
258 2189 405 2265 illyricum
420 2197 542 2250 vocatur
555 2191 727 2266 generatim,
747 2189 921 2268 populorum
935 2205 1026 2266 pauca
1043 2188 1132 2249 eliatu

121 2272 207 2349 digna
229 2282 277 2333 aut
296 2273 391 2334 facilia
411 2275 533 2333 nomina.
575 2271 755 2333 conventum
771 2272 1007 2332 Scardonitanum
1029 2280 1133 2350 petunt

83 2375 110 2414 as
122 2354 246 2433 Iapudes
261 2364 292 2415 et
306 2355 497 2416 Liburnorum
513 2357 647 2415 civitates
663 2354 762 2430 XIlll,
784 2374 800 2415 e
821 2355 926 2433 quibus
941 2352 1131 2430 laciniensis,

123 2437 291 2516 Stuipinos,
305 2437 473 2514 Burnistas,
497 2435 683 2497 Olbonenses
701 2439 849 2498 nominare
869 2455 927 2497 uon
945 2438 1054 2516 pigeat.
1084 2436 1132 2497 lus

122 2519 250 2580 Italicum
266 2519 374 2581 habent
390 2539 427 2582 eo
442 2528 588 2581 conventu
603 2519 726 2598 Alutae,
746 2519 883 2582 Flanates
898 2538 914 2579 a
929 2520 1034 2599 quibus
1051 2521 1132 2581 sinus

123 2605 284 2664 nominatur
292 2603 423 2683 ,Topsi,
438 2603 609 2682 Varmrini,
627 2605 817 2682 inmunesque
833 2603 1023 2681 Asseriates,
1048 2613 1133 2665 etex

123 2687 224 2748 insulis
240 2686 417 2765 Fertinates,
434 2686 578 2749 Curictae.
609 2684 717 2747 Getero
735 2705 790 2766 per
809 2706 888 2749 oram
907 2688 1014 2767 oppida
1030 2706 1047 2749 a
1061 2686 1119 2749 Ne·
1134 2698 1184 2752 140

83 2791 109 2831 so
123 2773 215 2832 sactio
231 2771 358 2849 Alvona,
371 2770 511 2849 Flanona,
521 2769 679 2848 Tarsatica,
696 2769 794 2848 Senia,
805 2770 940 2850 Lopsica,
956 2770 1132 2852 Ortoplinia,

123 2857 265 2933 Vegium,
282 2856 491 2934 Argyruntum,
508 2851 667 2932 Corinium,
681 2853 816 2929 Aenona,
832 2857 935 2916 civitas
951 2855 1064 2933 Pasini,
1082 2855 1132 2916 llu-

122 2957 188 3000 men
204 2938 361 3001 Tedanium
380 2957 438 3019 quo
460 2938 557 2999 linitur
576 2936 704 3017 Iapudia
730 2937 846 2999 lnsulae
868 2941 931 3000 eius
949 2941 1048 2999 sinuus
1069 2956 1133 2999 cum

124 3022 240 3100 oppidis
260 3031 379 3100 praeter
399 3040 487 3103 supra
508 3022 685 3100 significatas
706 3020 892 3098 Absortium,
913 3021 1010 3100 Arba,
1027 3020 1132 3101 ¹(lieni,

125 3105 225 3181 Gissa,
240 3104 406 3166 Portunata.
438 3122 538 3166 rursus
560 3107 590 3165 in
606 3107 775 3167 conticente
790 3104 906 3166 colonia
920 3103 1007 3165 lader
1021 3123 1095 3185 quae
1115 3124 1133 3167 a

82 3197 112 3241 tt
124 3189 195 3250 Pola
220 3187 294 3251 GlX
318 3187 348 3249 Μ
369 3207 447 3266 pass
476 3189 578 3267 abest,
604 3189 671 3251 inde
694 3187 779 3250 XXX
805 3187 834 3248 Μ
860 3185 1012 3249 Colentum
1028 3190 1132 3268 insula,

124 3271 222 3336 XVlll
236 3274 340 3333 ostium
357 3270 434 3350 Tityi
450 3273 582 3334 duminis.

184 3355 235 3420 22.
253 3353 336 3436 (26.)
354 3355 508 3417 liburniae
524 3356 589 3418 linis
610 3365 641 3420 et
655 3357 767 3418 initium
786 3351 958 3418 Delmatiae
972 3310 1119 3420 Scardona
1135 3366 1183 3420 141

123 3439 156 3504 ln
181 3459 265 3503 smne
286 3457 324 3503 eo
347 3438 403 3502 Xll
422 3439 452 3501 Μ
474 3457 553 3521 pass.
574 3442 692 3504 amari.
725 3439 793 3503 dein
813 3438 993 3503 Tariotarum
1019 3444 1135 3551 antiqua
