2400 3856
128 171 189 236 138
471 183 503 233 o.
524 184 621 231 curm
643 182 791 232 snonnnr

129 340 326 420 appellamus,
347 347 448 419 portus
464 337 616 412 Herculis,
637 335 785 397 Metaurus
809 335 914 412 amnis,
940 333 1137 393 Tauroentum

131 424 279 502 oppidum,
293 433 395 502 portus
409 422 523 483 Orestis
540 430 570 482 et
582 419 703 480 hledma.
729 419 864 498 oppidum
880 418 1054 494 Scyllaeum,
1068 415 1137 476 Cra·

131 510 205 569 taeis
221 507 342 583 lluvins,
358 515 451 567 mater
470 508 516 585 (ut
541 505 660 583 dixere)
676 503 800 579 Scyllae.
834 502 900 563 dein
923 502 1062 562 Columna
1077 498 1137 559 Re·

129 593 195 668 gia,
218 591 343 651 Siculum
364 592 470 651 fretum
492 607 526 650 ac
547 589 603 649 duo
625 588 747 648 adversa
762 589 978 664 promunturia,
1001 604 1039 645 err
1053 583 1137 644 ltalia

132 672 265 751 Caenus,
290 695 306 735 e
324 674 423 735 Sicilia
442 673 594 750 Pelorum,
616 671 768 732 duodecim
789 671 944 731 stadiorum
968 668 1160 744 intervallo,n

86 767 121 818 74
134 760 208 818 unde
222 760 345 837 Regium
360 757 463 820 XClll.
508 757 578 817 lnde
594 755 760 834 Appennini
784 755 857 815 silva
872 753 948 831 Sila,
969 761 1136 832 promuntu-

131 845 203 902 rium
219 843 401 922 Leucopetra
419 841 471 901 XV
487 840 516 901 Μ
530 859 627 920 pass,
642 839 678 899 ab
701 857 734 899 ea
750 837 786 897 Ll
799 838 885 898 hocri
901 838 1096 914 cognominati
1121 854 1138 894 a

131 929 332 1007 promunturio
348 925 514 1005 Zephyrio,
529 926 633 983 absunt
654 941 670 982 a
687 921 784 981 Silero
807 919 923 982 CCClll
937 921 966 981 Μ
990 938 1138 1001 passuum,

134 1020 164 1070 et
180 1010 335 1071 includitur
352 1009 488 1087 Europae
509 1009 588 1067 sinus
607 1007 725 1085 primus.
770 1005 802 1065 ln
818 1023 855 1066 eo
871 1007 960 1065 maria
974 1021 1138 1082 nuncupan-

132 1104 189 1170 tur,
206 1094 280 1153 unde
295 1095 442 1170 inrumpit,
459 1090 645 1166 Atlanticum,
663 1089 699 1149 ab
715 1089 780 1149 aliia
795 1107 936 1166 magnum.
965 1107 1021 1167 qua
1038 1090 1137 1162 intrat,
1148 1109 1176 1148 ιο

131 1176 285 1237 Porthmos
301 1194 317 1235 a
333 1174 463 1252 Graecis,
479 1192 495 1234 a
510 1173 596 1233 nobis
612 1172 779 1233 Gaditanum
793 1174 907 1233 iratum.
931 1192 995 1234 cum
1007 1172 1137 1246 intravit,

131 1259 288 1337 Hispanum
308 1267 451 1337 quatenus
472 1257 625 1335 Hispanias
645 1257 734 1318 adluit
754 1257 790 1317 ab
811 1257 876 1317 aliis
898 1256 1064 1318 Hibericum
1087 1263 1138 1313 aut

131 1343 314 1419 Baliaricum,
329 1361 398 1402 mox
410 1341 548 1403 Gallicum
562 1350 629 1402 ante
641 1341 860 1401 Narbonensem
871 1342 1059 1419 provinciam,
1071 1338 1140 1397 hinc

88 1440 122 1490 75
132 1427 319 1504 Ligusticum,
336 1427 371 1487 ab
385 1444 421 1487 eo
439 1427 474 1487 ad
486 1425 612 1486 Siciliam
627 1425 749 1486 insulam
760 1424 894 1502 Tuscum,
911 1425 987 1503 qnod
1000 1442 1038 1484 ex
1050 1421 1140 1482 Grae·

133 1513 174 1571 cis
195 1511 243 1570 alii
269 1510 386 1570 Notium
408 1511 456 1571 alii
478 1511 676 1587 Tyrrhenum,
705 1529 722 1570 e
745 1511 853 1569 nostris
876 1509 989 1587 plurimi
1014 1507 1137 1566 inferum
1149 1530 1176 1570 15

133 1603 247 1656 vocant.
274 1595 349 1655 ultra
366 1595 494 1656 Siciliam
510 1593 588 1673 quod
603 1593 699 1655 estad
715 1592 892 1653 Sallentinos
908 1592 1069 1652 Ausonium
1082 1589 1138 1648 Po-

133 1679 229 1754 lybius
253 1679 400 1757 appellat,
416 1678 629 1740 Eratosthenes
649 1685 743 1738 autem
764 1679 841 1736 inter
859 1678 963 1735 ostium
983 1676 1085 1736 oceani
1109 1682 1140 1733 et

134 1761 294 1822 Sardiniam
307 1763 441 1841 quicquid
457 1770 502 1822 est
514 1761 665 1840 Sardoum,
679 1760 794 1821 indeed
809 1759 935 1820 Siciliam
946 1758 1139 1835 Tyrrhenum,

134 1847 169 1906 ab
185 1844 239 1905 hac
257 1845 372 1906 Cretam
388 1865 480 1926 usque
496 1845 632 1925 Siculum,
648 1845 683 1907 ab
702 1863 737 1905 ea
753 1843 906 1904 Creticum.

80 1945 124 1997 -ro
198 1929 282 2008 (11.)
309 1930 424 1991 lnsulae
452 1948 506 2008 per
532 1930 604 1991 haec
627 1930 717 1990 maria
739 1930 848 2006 primae
875 1929 999 1988 omnium
1026 1926 1177 2003 Pityussa

134 2031 185 2073 sae
208 2032 224 2072 a
247 2012 367 2075 Graecis
387 2014 482 2074 dictae
510 2031 527 2073 a
553 2014 659 2074 frutice
681 2015 780 2091 pineo.
825 2031 900 2072 nunc
918 2011 1033 2072 Ebusus
1054 2028 1140 2069 roca·

136 2105 181 2154 tur
199 2105 338 2172 utraque,
361 2099 480 2157 civitate
500 2095 669 2172 foederata,
696 2104 820 2172 angusto
841 2097 920 2156 ireto
943 2093 1139 2157 interfluente.

135 2186 236 2257 patent
249 2177 342 2238 XLVI
357 2178 386 2237 Μ
406 2197 501 2257 pass,
525 2179 629 2238 absunt
646 2196 663 2239 a
683 2178 786 2241 Dianio
810 2181 1005 2258 septingentis
1027 2177 1139 2254 stadiis,

135 2262 257 2322 totidem
269 2261 400 2322 Dianium
416 2281 471 2340 per
485 2264 683 2324 continentem
698 2281 713 2322 a
730 2261 905 2341 Carthagine
920 2281 1003 2324 nova.
1027 2270 1139 2321 tantun·

136 2347 201 2407 dem
220 2346 394 2424 aPityussis
413 2348 442 2407 in
456 2347 542 2407 altum
560 2346 691 2409 Baliares
711 2347 784 2408 duae
804 2357 835 2409 et
855 2347 1014 2408 Sucronem
1033 2363 1139 2405 versus
1149 2369 1176 2410 25

89 2434 125 2485 77
137 2428 318 2495 Colubraria.
356 2431 485 2492 Baliares
506 2432 592 2492 lunda
615 2432 773 2493 bellicosas
790 2432 894 2494 Craeci
909 2430 1077 2508 Gyrnnasias
1099 2429 1139 2488 di·

134 2533 217 2576 xere.
261 2518 353 2575 maior
369 2525 484 2576 centum
500 2516 558 2576 mil.
576 2534 710 2595 passuum
733 2525 779 2576 est
798 2516 996 2593 longitudine,
1018 2514 1140 2574 circuitu
1158 2528 1162 2535 ·

134 2616 207 2659 vero
224 2595 430 2660 CCCCLXXV
445 2598 485 2661 Μ.
517 2599 623 2679 oppida
639 2599 728 2660 habet
743 2602 846 2660 civium
863 2598 1058 2659 Romanorum
1076 2595 1140 2656 Pal-

134 2698 207 2738 mam
227 2689 258 2739 et
274 2681 462 2758 Pollentiam,
477 2682 577 2742 Latina
593 2680 705 2742 Cinium
726 2691 756 2741 et
771 2683 887 2760 Tucim,
906 2691 936 2743 et
957 2682 1140 2742 foederatum

134 2762 315 2822 Bocchorum
330 2765 394 2824 luit.
438 2767 474 2824 ab
494 2784 528 2826 ea
544 2765 629 2824 XXX
642 2765 672 2824 Μ
689 2784 764 2844 pass.
784 2766 870 2826 distat
890 2767 998 2840 minor,
1015 2765 1175 2842 largitu-ao

135 2847 201 2906 dine
217 2845 267 2907 XL
283 2845 329 2923 ll,
351 2847 473 2907 circuitu
491 2847 535 2908 CL
551 2847 580 2907 Μ
599 2866 679 2926 pass.
726 2851 860 2911 civitates
877 2849 964 2910 habet
981 2849 1139 2924 Labonem,

91 2936 126 2989 78
138 2930 314 3007 Saniseram,
330 2929 493 3008 Magonem.
527 2930 553 2991 Α
568 2933 679 2992 maiore
696 2931 752 2993 Xll
766 2933 795 2993 Μ
812 2952 888 3012 pass.
905 2935 934 2992 in
953 2933 1039 2992 altum
1055 2933 1142 2992 abest

137 3013 275 3093 Capraria
290 3015 429 3075 insidiosa
445 3016 618 3092 naufragiis,
635 3026 697 3077 ete
716 3019 840 3095 regione
855 3016 970 3077 Palmae
985 3019 1064 3077 nrbis
1080 3016 1142 3076 hle·

136 3102 234 3159 uariae
246 3117 280 3158 ac
291 3097 434 3178 Tiquadra
450 3107 482 3159 et
492 3117 582 3177 parva
595 3098 771 3162 Hannibalis.
789 3100 880 3161 Ebusl
893 3109 972 3162 terra
985 3109 1141 3179 serpentes

136 3182 235 3260 lugat,
253 3180 443 3243 Colubrariae
459 3185 552 3261 parit,
576 3183 643 3244 ideo
664 3185 771 3246 infesta
786 3185 918 3245 omnibus
934 3186 992 3245 nisi
1007 3184 1176 3245 Ebusita-aa

137 3284 202 3325 nam
217 3275 323 3326 terram
339 3267 541 3327 inferentibus.
571 3265 675 3327 Graeci
691 3267 863 3346 Ophiussam
877 3269 990 3330 dixere.
1024 3285 1078 3328 nec
1093 3285 1140 3325 cu·

92 3354 128 3408 79
139 3349 250 3409 nicnlos
258 3349 374 3411 Ebusus
386 3353 481 3428 gignit
493 3350 666 3430 populantes
675 3351 828 3412 Baliarium
843 3371 968 3414 messes.
984 3351 1055 3412 Sunt
1067 3350 1141 3409 allae

136 3430 193 3493 XX
210 3434 301 3494 ferme
318 3451 427 3513 parvae
441 3437 511 3498 mari
528 3434 650 3513 vadoso,
666 3433 776 3497 Galliae
792 3446 888 3497 autem
903 3455 954 3497 ora
965 3437 995 3495 in
1009 3434 1142 3494 Rhodani
