2400 3856
137 134 175 194 74
505 144 535 192 c.
555 146 651 192 curru
666 145 816 193 saeuum

137 301 268 361 exercitu
283 298 414 375 liberato,
424 300 517 378 pridie
533 317 617 378 quam
625 297 752 359 Perseus
764 318 819 360 rex
836 309 989 377 superatus
1013 319 1029 361 a
1048 300 1139 364 Paulo

136 385 225 458 est,In
242 383 412 443 concionem
438 382 474 443 ah
492 384 668 462 imperatore
686 383 844 461 productus
860 383 896 442 ad
913 384 1137 461 praedicendam

136 468 280 546 eclipsim,
295 483 364 527 mox
382 475 411 526 et
423 469 576 545 conposito
588 467 743 526 volumine.
760 466 835 544 apud
848 463 979 526 Graecos
990 477 1086 528 autem
1097 473 1138 530 in-

135 551 291 628 vestigavit
306 552 415 629 primus
436 551 558 611 omnium
569 549 676 610 Thales
687 548 817 609 Milesius
829 547 1008 628 Olympiadis
1020 551 1139 614 XLVIII

134 652 209 695 anuo
226 644 328 713 quarto
352 634 503 713 praedIcto
521 634 593 694 solis
615 632 732 694 defectu
753 635 802 712 qui
820 632 936 707 Alyatte
954 653 1027 711 rege
1044 636 1165 697 factuss

135 727 181 777 est
201 717 281 777 urhis
304 719 438 778 conditae
460 735 535 778 anno
559 715 669 777 CLXX.
698 726 765 794 post
786 732 840 777 eos
861 719 1010 796 utriusque
1033 720 1139 780 sideris

136 820 249 862 cursum
270 802 299 860 in
320 810 477 862 sexcentos
500 817 590 861 annos
603 800 783 878 praececinit
792 799 993 879 Hipparchus,
1020 821 1140 864 menses

135 887 262 963 gentium
282 885 403 964 diesque
426 894 455 944 et
480 884 567 945 horas
587 902 622 943 ac
638 885 730 944 situus
745 886 879 946 locorum
889 895 920 947 et
934 889 1034 949 nauus
1044 903 1138 966 popu·

135 969 227 1030 lorum
246 968 424 1047 conplexus,
448 985 523 1028 aevu
544 977 620 1027 teste
636 967 703 1026 haut
720 966 778 1027 alio
794 968 881 1027 modo
897 985 981 1047 quam
998 970 1138 1031 consilio·

92 1069 195 1123 54rnm
217 1060 336 1112 naturae
358 1052 518 1130 particeps
550 1051 612 1110 Viri
631 1051 782 1127 ingentes,
812 1067 957 1129 supraque
975 1054 1137 1114 mortalium
1150 1076 1176 1116 ro

134 1144 261 1195 naturam
276 1143 418 1196 tantorum
434 1135 575 1194 numinum
591 1134 660 1211 lege
677 1134 862 1212 deprehensa
880 1142 910 1193 et
924 1136 1031 1196 misera
1047 1136 1137 1198 homi·

133 1237 198 1278 nunu
215 1226 312 1278 mente
328 1218 460 1279 absoluta
473 1220 501 1277 in
514 1217 677 1279 defectibus
693 1217 808 1277 scelera
820 1225 868 1278 aut
878 1227 1000 1278 mortem
1013 1220 1137 1300 aliquam

133 1302 260 1362 siderum
285 1310 427 1380 pavente,
451 1319 508 1381 quo
529 1303 558 1361 in
579 1309 656 1361 rnetn
678 1300 770 1360 fuisse
791 1300 953 1361 StesIchori
976 1310 1006 1362 et
1022 1303 1138 1365 PIndari

132 1395 227 1446 vatum
243 1384 374 1446 sublimia
390 1403 441 1446 ora
459 1386 553 1465 palam
569 1394 615 1445 est
630 1385 759 1463 deliqqu
776 1384 858 1459 cells,
876 1392 905 1459 at
920 1386 948 1443 iu
964 1385 1030 1446 luna
1046 1405 1137 1447 vene·

132 1470 199 1530 llcia
215 1479 355 1547 arguente
370 1470 544 1530 mortalitate
561 1478 590 1529 et
605 1468 644 1529 olr
656 1469 689 1528 id
705 1469 819 1546 crepitu
835 1468 954 1528 dissono
967 1470 1136 1548 auxiliante,
1150 1491 1175 1532 ¹5

133 1570 191 1634 quo
219 1571 329 1631 pavore
353 1554 470 1631 Ignarus
492 1571 598 1614 causae
620 1551 719 1613 Nicias
734 1551 952 1612 Atheniensium
977 1554 1138 1632 imperator

132 1639 241 1697 veritus
268 1637 392 1698 classem
417 1646 501 1715 portu
522 1636 649 1697 educere
678 1652 752 1714 opes
779 1651 879 1696 eorum
903 1636 1024 1712 adflixit,
1050 1639 1138 1699 macti

132 1721 250 1798 ingenio
274 1729 354 1797 este,
379 1721 454 1782 caeli
475 1722 652 1800 interpretes
676 1737 832 1797 rerumque
853 1729 973 1780 naturae
996 1739 1136 1800 capaces,
1170 1760 1172 1764 -

90 1806 292 1882 55argumenti
314 1813 486 1884 repertores
508 1822 566 1884 quo
593 1803 666 1864 deos
690 1802 882 1883 hominesque
905 1804 1030 1864 vicistis!
1063 1804 1137 1879 Quis

133 1891 209 1949 enim
224 1888 299 1950 haec
315 1906 439 1948 cernens
455 1898 485 1949 et
501 1896 592 1949 status
610 1887 736 1947 siderum
772 1888 905 1965 quoniam
924 1888 962 1947 ita
979 1888 1174 1967 appellarem

131 1972 241 2048 placuit
272 1970 391 2031 labores
406 1989 463 2032 nun
485 1990 555 2032 suae
576 1971 746 2031 necessitati
763 1968 901 2029 mortales
918 1972 1035 2048 genitus
1053 1973 1137 2050 igno·

133 2051 215 2112 scat?
246 2053 329 2113 Nunc
356 2055 492 2116 confessa
515 2055 552 2114 de
573 2054 676 2114 iisdem
697 2054 827 2114 breviter
849 2062 935 2134 atque
960 2056 1138 2135 capitulatim

132 2137 268 2212 attIngam
284 2138 395 2197 ratione
414 2139 565 2200 admodum
579 2139 756 2197 necessariis
778 2138 854 2198 locIs
869 2139 1050 2218 strictimque
1067 2140 1136 2201 red-

132 2219 201 2294 dita,
219 2238 284 2280 nam
298 2238 394 2301 neque
407 2223 524 2282 instituti
540 2222 640 2300 operis
653 2221 719 2281 talis
735 2222 946 2298 argumentatio
964 2231 1020 2297 est,
1036 2240 1135 2302 neque

132 2305 255 2364 omniurn
280 2322 377 2365 rerum
399 2305 507 2367 adferri
529 2323 619 2385 posse
637 2322 741 2365 causas
762 2305 854 2364 minus
869 2307 969 2365 mirum
985 2315 1031 2365 est
1047 2324 1174 2385 quernos

132 2395 265 2450 constare
282 2389 310 2448 in
326 2389 439 2468 uliquis.

88 2475 123 2530 56
195 2471 242 2532 13.
267 2472 350 2552 (10.)
373 2469 687 2533 DelectuusCCXXIll
712 2472 861 2532 mensibus
882 2473 980 2533 redire
1007 2473 1035 2532 in
1064 2490 1136 2534 snos

127 2555 217 2614 urbes
229 2564 338 2614 eertum
355 2565 415 2631 est,
438 2556 672 2617 solisdelectuus
686 2573 743 2615 nou
758 2559 813 2616 nisi
828 2558 986 2617 novissima
1003 2558 1135 2635 primave

131 2637 194 2694 lieri
209 2637 291 2712 lune,
316 2639 393 2716 quod
415 2648 521 2700 uocant
536 2641 653 2714 coitum,
671 2640 755 2700 lunae
773 2648 868 2701 autem
888 2657 946 2700 uun
964 2643 1019 2700 nisi
1034 2641 1135 2721 plena,

131 2735 306 2798 semperque
324 2723 395 2780 citra
410 2740 494 2800 quam
509 2726 644 2800 proxime
664 2723 779 2783 luerint.
796 2724 927 2784 omnihus
942 2733 1038 2784 autern
1053 2725 1172 2785 anniso

131 2800 194 2861 lieri
217 2805 365 2882 utriusque
389 2805 492 2865 sideris
506 2805 657 2879 defectuus
676 2808 757 2867 statis
780 2808 884 2867 diebus
912 2809 1052 2888 horisque
1080 2808 1136 2868 suh

130 2894 220 2961 terra,
236 2904 292 2947 nec
306 2896 413 2964 tamen,
430 2905 494 2948 curu
509 2907 636 2966 superne
652 2890 729 2966 liant,
745 2891 854 2970 ubique
871 2893 961 2967 cernI,
977 2891 1134 2971 aliquando

133 2980 255 3048 propter
270 2971 377 3046 nubila,
394 2973 511 3051 saepius
528 2973 619 3051 globo
634 2983 732 3034 terrae
747 2974 881 3035 obstante
900 2975 1134 3036 convexitatibus

89 3055 236 3118 odmundi.
257 3055 333 3116 Intra
349 3056 489 3116 ducentos
505 3075 596 3118 anuos
611 3057 769 3137 Hipparchi
784 3060 946 3136 sagacitate
962 3068 1135 3137 conpertum

133 3146 223 3197 estet
241 3138 325 3198 lunae
346 3139 493 3200 deiectum
508 3141 661 3220 aliquando
678 3143 777 3220 quiuto
792 3159 892 3201 meuse
907 3160 924 3202 a
940 3143 1040 3221 priore
1058 3143 1133 3217 lieri,
1143 3165 1169 3207 us

133 3220 205 3280 solis
219 3239 291 3281 vero
308 3226 446 3302 septimo.
471 3225 594 3284 eundem
610 3224 655 3283 bis
673 3226 702 3284 iu
718 3226 833 3302 triginta
850 3225 953 3286 diebus
962 3243 1058 3303 supra
1075 3234 1134 3286 ter-

131 3320 178 3361 ras
195 3306 352 3381 occultari,
374 3307 427 3366 sed
448 3307 484 3368 ab
508 3308 571 3367 aliis
598 3306 657 3367 hoc
673 3309 768 3382 cerni,
793 3326 928 3387 quaeque
951 3310 1061 3368 suntin
1078 3309 1135 3370 hoo

130 3386 270 3447 miraculo
285 3390 412 3460 marture
432 3392 519 3455 mira.
545 3407 608 3450 cum
630 3393 785 3452 conveniat
804 3390 904 3451 umbra
926 3400 1025 3452 terrae
1040 3392 1134 3453 lunam
