2400 3856
137 167 199 230 164
481 179 512 225 o.
536 178 631 237 uuum
654 176 802 225 succuum

136 335 301 410 Sarmatae,
325 351 399 413 quos
421 333 546 393 Areatas
565 341 687 406 vocant,
709 330 894 407 Scythaeque
916 337 947 391 et
964 330 1041 389 circa
1063 330 1148 391 Ponti

85 429 119 477 112
137 419 224 478 litora
238 417 378 478 Horiseni
394 418 545 495 Sitonique
561 416 670 494 Orphei
686 418 760 475 vatis
774 417 926 492 genitores
942 415 1086 492 optinent.
1106 414 1150 474 lta

137 504 198 562 linit
214 501 314 562 Hister
337 521 354 562 a
376 502 595 580 septentrione,
618 500 653 559 ab
671 508 736 559 ortu
753 497 863 559 Pontus
885 517 918 558 ac
934 497 1113 575 Propontis,
1133 516 1150 559 a

135 586 257 647 meridie
272 586 424 662 Aegaeum
439 604 534 661 mare,
555 585 635 645 cuius
658 585 686 643 in
708 601 760 643 ora
776 602 791 642 a
807 584 962 659 Strymone
977 581 1148 661 Apollonia,

137 670 297 746 Oesymna,
320 669 477 745 Neapolis,
498 669 595 729 Batos.
627 671 702 727 intus
717 666 843 746 Philippi
865 667 988 727 colonia.
1012 666 1119 727 absunt
1134 681 1177 727 au

134 754 316 830 Dyrrhachio
344 752 501 815 CCCXXV
531 755 561 815 bl
589 770 667 831 pass.
696 751 853 828 Scotussa,
880 750 1007 829 Popiros
1035 752 1151 818 civitas.

134 837 223 898 Hesti
249 840 339 899 amuis
362 841 477 898 ostium.
511 857 593 898 mous
609 837 771 913 Pangaeus.
805 835 966 910 Heraclea,
992 833 1150 910 Olynthos.

135 921 256 983 Abdera
280 923 374 983 libera
393 924 512 998 civitas,
535 930 665 997 stagnum
680 920 830 980 Bistonum
851 928 881 979 et
900 938 984 997 geus.
1012 919 1152 997 oppidum

134 1007 189 1066 luit
220 1006 318 1066 Tirida
342 1005 492 1067 Diomedis
520 1023 660 1083 equorum
690 1003 811 1064 stabulis
838 1004 939 1064 dirum,
977 1021 1052 1063 nuuc
1085 1012 1152 1065 suut

135 1089 255 1167 Dicaea,
270 1089 411 1165 lsmaron,
424 1089 507 1149 locus
520 1087 714 1165 Parthenion,
731 1087 897 1166 Phalesina,
913 1087 1053 1147 Maronea
1070 1091 1151 1165 prius
1164 1104 1184 1143 u

84 1181 118 1233 43
136 1173 318 1250 Orthagurea
334 1173 419 1232 dicta.
447 1190 529 1233 mous
548 1173 692 1251 Serrium,
707 1171 789 1233 Zone
798 1216 808 1251 ,
823 1182 882 1232 tum
898 1173 980 1233 locus
995 1171 1152 1232 Doriscum

132 1257 238 1316 <decem
255 1256 364 1315 milium
384 1256 529 1317 homiuum
551 1276 653 1335 capax.
691 1259 730 1317 ita
753 1256 871 1317 Xerxes
892 1257 933 1316 ibi
957 1255 1153 1316 dinumeravit

137 1334 308 1401 exercitum.
330 1359 363 1400 os
379 1340 481 1401 Hebri.
502 1351 605 1420 portus
623 1343 779 1402 Stentoris.
804 1340 940 1421 oppidum
954 1340 1057 1419 Aenos
1074 1340 1150 1403 lihe-
1180 1379 1182 1383 ν

136 1443 198 1485 ruru
211 1424 419 1500 eumPolydori
432 1426 550 1502 tumulo,
562 1424 854 1504 Ciconumquoudam
865 1427 959 1502 regio.
983 1424 1011 1484 A
1023 1423 1151 1485 Dorisco

135 1510 302 1569 incurvatur
325 1526 376 1569 ora
397 1510 432 1569 ad
452 1508 570 1569 Macron
596 1509 690 1571 tichos
719 1507 796 1568 CXII
821 1510 929 1568 milium
954 1527 1045 1586 pass,
1072 1511 1186 1570 circam

136 1611 222 1669 quem
245 1593 341 1652 locum
368 1593 471 1653 lluvius
493 1593 586 1654 Helas
615 1611 710 1671 aquo
736 1595 816 1652 sinus
839 1593 1010 1672 appellatur.
1043 1593 1152 1672 oppida

136 1675 281 1755 Cypsela,
301 1675 440 1737 Bisanthe
457 1676 577 1739 Hacrou
601 1677 699 1738 tichos·
716 1676 837 1754 dictum,
859 1679 925 1755 quia
940 1696 956 1736 a
971 1677 1151 1756 Propontide

135 1760 171 1819 ad
191 1759 335 1821 Helauem
360 1763 453 1821 sinum
479 1764 556 1822 inter
584 1761 640 1822 duo
666 1763 755 1821 maria
781 1769 935 1840 porrectus
959 1780 1058 1821 murus
1083 1780 1152 1840 pro·

84 1853 120 1904 44
135 1853 300 1905 currentem
326 1844 455 1906 excludit
481 1843 705 1908 cherronesum.
748 1844 879 1924 Namque
905 1845 1028 1905 Threcia
1054 1845 1151 1907 altero

136 1929 231 1989 latere
247 1928 398 1989 aPoutieo
413 1929 502 1993 litore
515 1931 669 2009 iucipiens,
685 1930 733 1990 ubi
746 1929 847 1989 Hister
859 1932 950 1990 amuis
965 1930 1185 2007 inmergitur,-ao

136 2012 186 2071 vel
203 2012 410 2090 pulcherrimas
433 2015 462 2072 iu
479 2032 515 2074 ea
530 2023 614 2092 parte
628 2014 717 2074 urbes
733 2013 839 2086 habet,
860 2012 1053 2092 Histropolim
1067 2012 1152 2075 Hile·

137 2098 263 2171 siorum,
283 2096 392 2157 Tomos
410 2095 601 2175 Callatimque
618 2115 693 2176 quae
714 2106 799 2157 antea
821 2095 956 2170 cerbatis
978 2098 1150 2160 vocabatur.

136 2177 308 2238 Heracleam
322 2178 421 2239 habuit
439 2189 468 2239 et
480 2180 610 2240 Bizonen
624 2190 723 2241 terrae
738 2180 817 2241 hiatu
832 2190 954 2259 raptam,
970 2200 1047 2242 nuuc
1061 2181 1152 2244 babet

136 2261 362 2341 Dionysopolim
376 2260 494 2325 crunon
508 2274 594 2325 autea
608 2265 720 2325 dictam.
750 2265 841 2326 adluit
856 2264 947 2342 Zyras
963 2267 1063 2326 amnis.
1094 2266 1152 2327 uo-

136 2356 195 2407 tum
221 2364 286 2406 eum
317 2356 439 2408 tractum
461 2348 587 2425 Scythae
613 2350 759 2410 Aroteres
793 2352 987 2426 cognominati
1014 2358 1186 2412 tenuereuo

138 2450 240 2492 eorum
255 2432 362 2509 oppida
372 2431 578 2510 Aphrodisias,
594 2432 737 2510 Libistus,
755 2433 889 2511 Zygere,
904 2434 1076 2511 Rhocobae,
1093 2434 1151 2495 Eu·

136 2517 246 2590 menia,
264 2515 507 2595 Parthenopolis,
525 2516 660 2595 Gerania,
677 2519 725 2578 ubi
739 2517 950 2594 Pygmaeorum
965 2537 1040 2595 gens
1055 2521 1151 2580 luisse

138 2599 279 2673 proditur.
319 2598 436 2659 Catizos
458 2600 575 2661 barbari
597 2602 758 2678 vocabunt,
780 2602 959 2679 creduntque
986 2621 1003 2662 a
1026 2604 1151 2679 gruibus

85 2674 120 2727 45
136 2683 264 2756 iugatos.
286 2682 320 2741 lu
333 2700 384 2742 ora
398 2702 414 2741 a
429 2682 623 2763 Dionysopoli
640 2694 686 2746 est
698 2685 827 2745 Odessus
839 2685 1031 2763 Hilesiorurn,
1045 2687 1151 2748 humen

136 2763 294 2840 Pannysis,
308 2765 444 2843 oppidum
456 2766 713 2828 Tetranaulochus.
735 2769 818 2828 Hons
834 2768 959 2831 Haemus
974 2780 1060 2831 vasto
1079 2773 1150 2849 iugo
1163 2787 1187 2827 ao

136 2847 332 2926 procumbens
348 2849 377 2906 iu
391 2848 512 2909 Pontum
528 2851 663 2928 oppidum
679 2852 779 2913 habuit
794 2855 823 2912 in
841 2856 953 2914 vertice
971 2854 1150 2916 Aristaeum.

136 2949 211 2991 nuuc
228 2933 257 2991 iu
273 2949 325 2992 ora
338 2930 526 3006 Mesembria,
542 2934 723 3012 Anchialum,
742 2937 791 2995 ubi
804 2935 902 2997 Messa
917 2938 1021 2998 luerat.
1045 2939 1151 3000 Astice

135 3017 221 3093 regio
238 3015 339 3076 habuit
354 3012 494 3095 oppidum
508 3017 663 3097 Anthium,
684 3038 759 3080 nuno
774 3029 819 3080 est
834 3021 1003 3099 Apollonia.
1034 3021 1152 3085 humina

135 3100 276 3177 Panisos,
292 3099 391 3177 luras,
412 3099 539 3177 Pearus,
561 3100 721 3180 Orosiues,
744 3103 851 3182 oppida
872 3104 1013 3183 Thynias,
1034 3105 1152 3185 Halmy-

135 3183 241 3260 desos,
264 3184 417 3247 Develcou
442 3203 505 3245 cum
533 3193 638 3264 stagno
662 3188 741 3267 quod
766 3207 841 3248 nuuc
866 3189 1001 3250 Deultum
1026 3201 1187 3253 vocaturos

127 3276 357 3343 ueteranorum,
377 3267 566 3346 Phinopolis,
586 3273 665 3331 iuxta
683 3290 766 3350 quam
786 3271 948 3351 Bosporus.
986 3274 1033 3334 Ab
1057 3273 1151 3336 Histri

137 3352 213 3410 ostio
232 3351 267 3412 ad
283 3369 316 3412 os
329 3351 413 3412 Ponti
426 3370 504 3430 pass.
518 3352 594 3413 DLll
607 3355 664 3415 mil.
681 3347 801 3433 iecere,
816 3355 950 3437 Agrippa
960 3356 1012 3417 LX
1031 3359 1150 3421 adiecit.

94 3453 118 3490 n
136 3431 206 3495 lude
221 3434 380 3497 admurum
396 3437 604 3517 supradictum
619 3436 675 3516 ct,
697 3439 733 3499 ab
750 3457 788 3500 eo
805 3438 1008 3503 Cherronesus
1025 3439 1152 3505 cxxvi
