2400 3856
310 171 389 219 nur.
412 171 503 219 rursu.
528 160 822 236 1.(xvrrr.xv1111.)
1032 152 1075 217 33

56 328 220 403 Craeoino,
245 323 424 402 Columella,
448 321 622 403 Tuberone,
643 325 675 385 L.
693 325 812 386 'larutio
836 326 884 403 qui
903 323 1014 385 Graece
1036 325 1073 385 dc

57 413 144 473 astris
168 410 304 488 scripsit,
335 407 464 470 Caesare
486 410 628 469 dictatore
656 411 703 487 qui
729 410 815 484 item,
843 408 949 486 Sergio
970 409 1072 485 Paulo,

58 495 169 555 Sabino
185 492 332 567 Fabiano,
348 492 387 553 Μ.
404 491 565 569 Cicerone,
583 491 739 571 Calpurnio
753 492 864 568 basso,
883 491 972 553 Ateio
990 491 1072 571 Capi-

58 588 146 656 tone,
167 575 296 636 llamilio
312 578 401 653 Sura,
424 577 507 636 Attio
525 578 573 655 qui
589 576 737 654 praxidica
756 578 883 654 scripsit.
917 575 1071 636 Externis:

36 660 202 738 allesiodo,
220 659 436 739 Theophrasto,
452 660 629 738 Aristotele,
645 659 824 735 Democrito,
843 658 973 719 Hierone
988 680 1072 737 rege,

57 745 259 806 Philometore
274 763 359 821 rege,
375 744 476 804 Attalo
489 763 574 822 rege,
591 743 738 804 Archelao
754 762 839 821 rege,
857 743 997 820 Archyta,
1015 742 1073 803 Xe·

57 829 226 909 nophontc‚
248 827 443 907 Amphilocho
458 827 624 904 Athenaeo,
642 827 799 907 Anaxipoli
816 826 934 903 Thasio,
958 826 1072 886 Aristo·

57 912 153 995 phane
169 910 300 991 Milesio,
316 911 500 990 Apollodoro
516 912 652 989 Lemnio,
668 913 819 989 Antigono
836 910 975 987 Cymaeo,
996 910 1073 988 Aga·

59 997 158 1058 thocle
183 993 274 1073 Chio,
302 995 463 1074 Apollonio
486 995 685 1074 Pergameno,
712 996 881 1056 Aristandro
906 994 1073 1071 Athenaeo,

25 1079 184 1149 10Bacchio
203 1079 338 1156 blilesio,
354 1079 447 1140 Blone
463 1080 600 1155 Solense,
618 1079 749 1141 Chaerea
765 1079 963 1155 Atheniense,
982 1078 1070 1138 Chae·

59 1167 134 1225 risto
150 1166 237 1241 item,
253 1163 385 1224 Diodoro
402 1164 545 1225 Prienaeo
555 1207 564 1240 ,
582 1164 696 1226 Dinone
714 1163 916 1242 Colophonio,
938 1163 1072 1242 Epigono

59 1247 195 1325 Rhodio,
210 1245 353 1325 Euagone
367 1246 492 1326 Thasio,
510 1246 681 1326 Euphronio
698 1247 870 1325 Athenaeo,
888 1247 1072 1308 Androtione

59 1334 109 1411 qui
124 1330 161 1392 de
176 1330 353 1408 agricultura
369 1333 504 1410 scripsit,
526 1331 709 1392 Aeschrione
731 1334 779 1409 qui
794 1334 879 1408 item,
901 1331 1072 1407 Lysimacho

60 1417 111 1494 qui
125 1417 208 1492 item,
226 1414 370 1490 Dionysio
387 1418 434 1493 qui
450 1414 605 1492 Magonem
622 1415 786 1490 transtulit,
801 1414 953 1493 Diophane
970 1418 1017 1493 qui
1035 1433 1073 1475 ex

26 1524 52 1565 15
60 1499 205 1575 Dionysio
222 1500 349 1577 epitoma
365 1499 447 1577 fecit,
465 1498 604 1577 Thalete,
622 1498 757 1576 Eudoxo,
773 1497 920 1577 Philippo,
937 1496 1072 1577 Calippo,

60 1583 218 1660 Dositheo,
235 1582 433 1660 Parmenisco,
448 1583 586 1660 lletone,
606 1581 737 1660 Critone,
756 1581 920 1661 Oenopide,
939 1580 1073 1658 Conone,

61 1666 262 1744 Euctemone,
287 1665 432 1745 Harpalo,
463 1665 628 1744 Hecataeo,
654 1666 886 1744 Anaximandro,
914 1664 1072 1744 Sosigene,

60 1749 247 1830 hipparcho,
263 1750 373 1827 Arato,
391 1749 567 1828 Zoroastre,
584 1750 736 1812 Archihio.

125 1832 215 1895 Libro
232 1832 353 1894 XVllll.
379 1837 578 1894 continentur:
606 1833 732 1914 (1-6)
748 1834 810 1893 hini
828 1843 929 1894 natura
947 1843 976 1894 et
991 1837 1074 1893 mira·

25 1918 128 1982 secula
151 1912 204 2004 (2.
224 1935 335 1995 genera
354 1920 417 1979 eius
435 1918 611 1979 excellentia
629 1918 757 1995 xxvii,
782 1918 927 1996 quomodo
948 1927 1074 1994 seratur,

61 2001 92 2066 3.
109 2009 141 2064 ct
152 2002 328 2081 perficiatur.
356 2000 384 2064 6.
399 2000 512 2082 quando
525 2005 644 2083 primum
656 2005 686 2063 in
702 2003 823 2062 theatris
837 1997 935 2088 vela).
957 1999 1073 2081 (7-9)

60 2086 108 2146 De
123 2087 215 2165 sparti
231 2094 331 2146 natura
348 2082 398 2172 (8.
418 2087 562 2165 quomodo
577 2088 760 2167 perliciatur,
783 2085 814 2147 9.
835 2089 947 2164 quando
965 2089 1074 2166 primus

62 2187 132 2229 usus
150 2164 247 2256 eius).
283 2167 356 2249 (10)
380 2169 425 2231 De
443 2171 603 2250 eriophoro
623 2172 724 2237 bulbo.
755 2169 829 2252 (11)
851 2167 933 2244 Quae
951 2174 1015 2232 sine
1030 2189 1074 2230 ra·

61 2252 127 2313 dice
144 2262 297 2314 nascantur
314 2263 344 2314 et
360 2256 466 2314 vivant.
493 2274 567 2334 quae
582 2266 735 2316 nascantur
751 2264 781 2316 et
797 2257 856 2314 seri
873 2274 932 2315 non
950 2257 1073 2333 possint.

27 2334 138 2415 2⁵02)
153 2339 237 2417 misy,
253 2339 327 2414 iton,
341 2341 494 2417 geranion.
522 2337 595 2419 (13)
611 2340 647 2400 de
663 2339 826 2399 tuberibus.
853 2336 925 2417 (14)
942 2341 1073 2417 pezicae.

62 2418 129 2498 (15.
155 2418 210 2500 16)
233 2421 270 2482 de
290 2421 448 2501 laserpicio
474 2431 504 2482 et
526 2422 623 2483 lasere
648 2416 849 2566 §maspetum
876 2416 1073 2506 magydaris).

61 2502 136 2582 (17)
153 2503 190 2564 de
208 2506 301 2566 rubia.
334 2503 405 2585 (18)
423 2505 459 2566 de
474 2505 611 2566 radicula.
642 2511 656 2585 (
679 2504 708 2567 9.
724 2502 781 2583 20)
798 2503 954 2563 hortorum
970 2508 1073 2583 gratia.

60 2586 129 2667 (21.
163 2584 222 2667 22)
241 2588 378 2666 Digestio
397 2598 476 2649 terra
498 2590 695 2650 enascentium
717 2596 836 2667 praeter
851 2589 952 2666 fruges
970 2597 1000 2648 et
1017 2589 1075 2647 lru·

61 2674 146 2732 tices.
176 2670 334 2752 (as-43)
349 2672 458 2732 Natura
475 2682 505 2735 et
520 2692 631 2752 genera
647 2682 677 2734 et
694 2672 835 2733 historiae
852 2675 1029 2745 nascentium
1045 2672 1074 2731 in

28 2756 157 2816 achortis
173 2774 270 2816 rerum
288 2753 345 2815 XX
367 2750 439 2839 (31.
456 2756 492 2818 de
510 2761 634 2818 omnium
654 2776 751 2817 earum
766 2756 922 2835 radicibus,
941 2757 1074 2833 floribus,

61 2836 153 2901 loliis.
187 2840 291 2918 quibus
306 2839 522 2901 hortensiorum
538 2842 608 2902 lolia
624 2842 735 2902 cadant.
762 2839 813 2904 35.
830 2851 921 2921 quoto
941 2858 1074 2919 quaeque

62 2923 110 2984 die
129 2932 294 2985 nascantur.
331 2922 382 2986 36.
406 2927 546 2985 seminum
569 2935 679 2991 natura.
712 2926 856 3004 quomodo
878 2942 1010 3002 quaeque
1028 2941 1074 2982 se·

60 3015 172 3067 rantur.
211 3006 260 3069 37.
290 3025 411 3087 quorum
443 3009 556 3086 singula
580 3029 705 3089 genera,
734 3027 855 3086 quorum
880 3008 960 3086 plura
985 3001 1073 3091 sint).

62 3088 232 3170 (44—55)
253 3089 361 3152 Natura
383 3103 414 3154 et
433 3111 545 3171 genera
570 3104 599 3154 et
620 3093 761 3153 historiae
783 3092 818 3153 ad
836 3090 1018 3151 condimenta
1044 3093 1074 3148 in

26 3175 150 3237 aborto
166 3183 290 3235 satarum
306 3194 402 3236 rerum
417 3174 525 3237 XXlll.
555 3174 620 3256 (48.
639 3176 756 3236 lacrima
776 3173 968 3250 enascentis).
999 3170 1073 3252 (56)

61 3258 222 3319 Ferulacea
237 3275 348 3336 genera
363 3268 506 3338 quattuor.
534 3259 680 3321 cannabis.
706 3258 778 3337 (57)
794 3257 888 3316 blorbi
906 3256 1074 3316 hortensio·

60 3360 133 3403 rum.
175 3339 242 3421 (58.
264 3340 322 3422 59)
348 3343 475 3404 remedia
497 3336 623 3429 (quibus
643 3343 737 3402 modis
758 3342 898 3400 formicae
922 3348 1074 3402 necentur.

59 3435 164 3489 contra
178 3444 282 3487 urucas
306 3428 452 3503 remedia,
474 3436 575 3488 contre
590 3427 710 3487 culices.
741 3423 850 3513 quibus
865 3423 961 3486 salsae
983 3442 1075 3502 aquae

138 3530 226 3574 amur
240 3531 312 3573 nar.
330 3530 412 3576 uren.
428 3517 448 3574 l.
853 3507 874 3574 3
