2400 3856
113 152 171 215 186
489 161 519 209 c.
535 161 630 209 enum
643 159 793 208 sncunnr

111 320 189 380 tenui
211 334 261 376 eas
285 316 390 376 obduci
411 316 562 392 lanugine,
588 313 691 392 quibus
713 312 808 373 addita
823 320 884 372 arte
902 328 993 391 posse
1008 312 1113 390 quales

112 422 129 462 e
145 399 289 474 bombyce
310 401 401 459 vestis
424 399 537 460 confici.
567 399 708 458 verticem
723 396 789 456 altis
808 397 893 455 etiam
910 403 1023 456 aestate
1038 412 1113 474 ope-

41 478 44 483 ’
70 487 159 551 15riri
181 483 304 543 nivibus.
335 483 463 544 decumis
485 501 518 542 se
540 499 577 542 eo
602 480 773 560 pervenisse
795 479 897 539 castris
921 488 960 539 et,
973 478 1049 539 ultra
1076 478 1113 539 ad

112 568 227 629 fluvium
243 566 291 645 qui
307 565 364 627 Ger
385 576 506 626 vocetur
521 583 575 644 per
592 563 762 625 solitudines
778 564 852 641 nigri
868 561 1016 640 pulveris,
1042 564 1113 623 emi·

111 650 245 712 uentibus
265 651 407 713 interdum
429 649 510 710 velut
533 649 643 708 exustis
660 646 807 723 cautibus,
832 646 900 707 loca
915 644 1136 727 inhabitabilias

109 736 229 797 fervore
246 751 415 813 quamquam
438 733 559 793 hiberno
581 741 713 810 tempore
738 738 871 809 experto.
889 731 937 809 qui
959 730 1114 808 proximos

110 817 270 879 inhabitent
291 817 382 878 saltus
404 817 531 878 refertos
553 815 772 895 elephantorum
792 813 977 892 ferarumque
999 822 1030 873 et
1049 832 1113 875 ser·

74 918 79 927 ·
110 903 239 982 pentium
254 902 330 961 omni
344 919 457 979 genere
472 898 611 961 Canariae
626 898 785 977 appellari,
804 898 912 976 quippe
928 898 1033 957 victum
1049 899 1113 957 eius

111 984 239 1047 animalis
265 988 441 1065 promiscum
468 984 512 1044 his
539 1001 606 1042 esse
636 990 666 1041 et
691 981 805 1042 dividua
827 981 954 1040 ferarum
982 981 1112 1042 viscera.

70 1069 237 1134 lblunctam
259 1068 437 1146 Aethiopum
462 1076 597 1144 gentem,
624 1081 697 1143 quos
720 1064 864 1125 Perorsos
888 1072 1012 1139 vocant,
1041 1066 1112 1127 satis
1124 1083 1149 1124 m

112 1160 235 1213 constat.
270 1151 340 1213 luba
361 1150 522 1212 Ptolomaei
542 1159 641 1228 pater,
663 1150 711 1227 qui
736 1150 843 1227 primus
866 1149 980 1226 utrique
996 1146 1113 1209 blanre·

111 1238 206 1297 taniae
233 1236 425 1313 imperitavit,
457 1235 617 1296 studiorum
636 1232 768 1292 claritate
791 1231 1008 1292 memorabilior
1024 1233 1113 1293 etiam

112 1337 195 1398 quam
217 1336 326 1395 reguo,
350 1319 453 1380 similia
474 1318 600 1397 prodidit
621 1316 657 1377 de
682 1315 818 1393 Atlante,
840 1324 1016 1395 praeterque
1030 1317 1113 1393 gigni

111 1402 230 1463 herbam
256 1402 295 1462 ibi
322 1402 511 1481 euphorbium
535 1401 648 1461 nomine
675 1401 711 1460 ab
731 1401 890 1460 ‘inventore
916 1398 1030 1459 medico
1057 1416 1113 1459 suo

112 1487 297 1566 appellatam.
328 1489 408 1547 cuius
426 1487 551 1547 lacteum
575 1503 673 1545 sucum
693 1485 771 1544 miris
784 1482 919 1546 laudibus
936 1481 1068 1543 celebrat
1085 1486 1149 1545 inlu

112 1570 244 1631 claritate
259 1572 338 1630 visus
355 1579 513 1649 contraque
529 1578 683 1648 serpentes
699 1578 728 1629 et
742 1586 854 1629 venena
870 1567 964 1627 omnia
979 1567 1114 1645 privatim

111 1654 207 1714 dicato
222 1654 377 1713 volumine.
410 1653 448 1714 Et
464 1656 534 1714 satis
551 1671 698 1731 superque
716 1653 752 1714 de
769 1652 897 1713 Atlante.

69 1745 101 1800 rt
174 1736 202 1794 2.
220 1736 390 1813 Tingitanae
405 1739 573 1817 provinciae
588 1735 738 1813 longitudo
752 1733 853 1796 CLXX
863 1734 894 1794 bl
905 1753 1041 1814 passuum
1054 1745 1111 1796 est.

112 1819 219 1880 Gentes
234 1821 263 1879 in
281 1837 330 1881 ea:
354 1820 505 1894 Quondam
526 1822 683 1899 praecipua
698 1818 877 1895 Maurorum,
904 1818 978 1879 unde
994 1837 1112 1895 nornen,

19 1976 22 1983 Ι
111 1903 336 1983 quosplerique
358 1902 520 1965 Maurusios
543 1905 685 1964 dixerunt.
718 1912 863 1963 attenuata
880 1901 967 1963 bellis
987 1902 1025 1963 ad
1041 1920 1148 1981 pau-uo

111 2005 160 2046 cas
177 1987 280 2048 recidit
295 1987 427 2048 familias.
466 1989 599 2067 proxima
622 1988 663 2048 illi
678 1985 924 2062 Massaesylorum
941 1985 1046 2047 iuerat.
1074 1988 1113 2046 si·

110 2069 169 2129 mili
192 2071 279 2130 modo
300 2072 440 2131 exstincta
461 2081 515 2130 est.
548 2071 687 2132 Gaetulae
709 2088 785 2130 nunc
800 2079 899 2130 tenent
913 2079 1034 2147 gentes,
1058 2069 1113 2131 Ba·

109 2159 210 2216 niurae
225 2152 373 2231 multoque
387 2154 556 2214 validissimi
567 2153 724 2214 Autololes
737 2163 766 2214 et
777 2153 879 2214 horum
890 2171 958 2232 pars
968 2153 1114 2232 quondam

109 2239 238 2318 Nesimi,
262 2240 309 2317 qui
325 2236 417 2297 avolsi
434 2237 479 2297 his
497 2238 643 2315 propriam
657 2236 757 2296 iecere
773 2247 891 2314 gentem
905 2238 983 2298 versi
1000 2235 1037 2296 ad
1052 2236 1112 2297 Ae·

23 2346 27 2353 ’
72 2337 100 2385 ra
111 2324 233 2402 thiopas.
263 2322 331 2401 lpsa
342 2322 491 2399 provincia
506 2319 542 2380 ab
559 2321 671 2380 oriente
684 2329 837 2381 montuosa
852 2322 909 2381 fert
925 2320 1112 2399 elephantos,
1122 2335 1149 2377 ts

109 2411 138 2468 in
154 2407 250 2485 Abpla
267 2398 381 2487 quoquie
398 2414 495 2464 monte
516 2413 545 2464 et
566 2422 640 2483 quos
655 2405 775 2484 Septem
792 2405 897 2465 fratres
912 2422 929 2464 a
945 2405 1029 2464 simili
1046 2400 1112 2466 alti·

65 2539 69 2547 .
109 2487 390 2566 tudine-appellant.
417 2489 492 2550 freto
517 2491 653 2549 inminent
676 2489 696 2547 ii
719 2489 807 2549 iuncti
829 2487 954 2564 Abylae.
997 2488 1044 2548 Ab
1066 2488 1114 2548 his

110 2587 161 2629 ora
183 2572 287 2630 interni
310 2574 413 2648 maris,
437 2573 542 2634 llumeu
563 2571 689 2633 Tamuda
710 2571 891 2648 navigabile,
915 2572 1058 2651 quondam
1082 2581 1114 2632 et

110 2654 263 2731 oppidum,
290 2655 394 2715 flumen
416 2655 494 2717 Laud
520 2665 550 2715 et
575 2657 667 2734 ipsum
688 2655 867 2731 navigiorum
890 2674 994 2733 capax.
1031 2655 1112 2731 Rhy-

67 2735 205 2797 lbsaddir
223 2737 358 2813 oppidum
375 2747 404 2799 et
419 2748 536 2816 portus,
553 2737 685 2798 blalvane
701 2737 804 2799 duvios
820 2739 1002 2818 navigabilis.
1040 2741 1149 2816 Sigaso

109 2818 247 2896 oppidum
274 2837 311 2878 ex
339 2821 463 2880 adverso
493 2820 624 2881 Malacae
650 2822 679 2881 in
705 2822 843 2902 Hispania
869 2825 943 2884 sitae
967 2823 1113 2903 Syphacis

108 2903 207 2978 regia,
240 2901 359 2963 alterius
384 2904 440 2964 iam
465 2903 670 2965 Mauretaniae.
705 2924 829 2984 namque
854 2908 901 2968 diu
930 2927 1032 2985 regum
1059 2925 1112 2981 no·

108 2987 183 3044 mina
201 2988 370 3064 optinuere,
388 2997 419 3048 ut
436 2988 596 3066 bogutiana
613 2989 814 3068 appellaretur
830 3000 961 3067 extumo,
981 2994 1112 3070 itemque

108 3067 219 3129 llocchi
235 3087 309 3148 quae
319 3089 401 3132 nunc
417 3070 626 3134 Caesariensis.
649 3073 695 3134 Ab
712 3093 747 3137 ea
764 3084 864 3154 portus
877 3074 997 3154 Magnus
1014 3093 1111 3154 aspa·

108 3153 148 3211 tio
164 3153 345 3233 appellatus,
373 3157 477 3216 civium
491 3157 686 3218 Romanorum
705 3159 823 3238 oppido.
852 3161 940 3218 amnis
962 3157 1148 3235 blulncha,³⁵

107 3234 216 3296 Bocchi
223 3235 527 3319 Massaesylorumque
540 3242 613 3302 buis.
633 3241 724 3316 Quiza
737 3239 875 3302 Cenitana
887 3244 1110 3321 peregrinorum

109 3319 259 3397 oppidum,
276 3321 451 3384 Arsennaria
466 3324 645 3402 latinorum,
660 3324 700 3384 lll
714 3324 828 3385 milibus
844 3343 979 3403 passuum
994 3327 1108 3384 amari.

64 3409 101 3464 20
111 3397 256 3465 Cartenna
271 3405 387 3468 colonia
402 3407 535 3486 Augusti.
560 3407 639 3490 legio
655 3410 793 3469 secunda.
814 3410 882 3469 item
900 3408 1016 3470 colonia
1031 3409 1111 3469 eius-
