2400 3856
277 194 356 241 unu.
379 193 470 241 Hrsr.
494 192 558 239 1111.
580 178 682 239 8711.
707 176 846 258 (ra-18.)
1009 173 1070 239 163

60 347 166 422 xelon,
186 345 326 424 Mendae,
349 355 379 406 et
401 348 428 405 in
450 346 616 406 Pallenensi
639 345 744 404 isthmo
761 343 904 421 quondam
918 343 1068 422 Potidaea,

60 449 133 490 nunc
148 428 328 490 Cassandrea
346 430 473 507 colonia,
490 428 663 505 Anthemus,
680 427 864 506 Olophyxos,
877 431 956 489 sinus
971 429 1069 505 Mecy-

59 515 167 590 berna,
191 513 297 593 0ppida
318 512 467 589 Miscella,
494 512 652 590 Ampelos,
674 511 810 590 Torone,
828 510 955 591 Siggos,
979 512 1068 573 Telos
1087 510 1118 564 37

58 599 165 657 fretum
187 615 252 676 quo·
266 607 394 657 montem
414 596 494 656 Atho
520 594 638 656 Xerxes
662 596 815 656 Persarum
835 615 890 655 rex
908 597 1067 656 continenti

24 699 36 737 5
60 681 183 741 abscidit
204 683 232 741 in
254 681 436 779 longitudine
457 699 592 759 passuum
615 679 679 739 MD
713 697 795 738 mons
816 680 882 757 ipse
909 698 925 739 a
947 680 1068 757 planitie

60 768 188 824 excurrit
204 767 233 824 in
248 767 336 823 maria
352 762 457 823 LXXV
473 765 530 823 mil.
551 782 640 842 pass,
670 763 792 822 ambitus
808 763 913 822 radicis
930 761 975 822 CL
991 763 1069 822 milia

59 849 182 925 colligit
207 848 375 926 oppidum
360 868 388 907 rn
405 850 550 908 cacumine
567 848 619 906 luit
633 846 812 924 Acroathon,
829 866 904 907 nunc
920 856 986 906 sunt
997 845 1098 911 Ura·
1129 902 1134 911 ,

59 933 191 1010 nopotis,
208 931 424 1010 Palaehorium,
440 931 585 1010 Thyssus,
585 925 744 1009 Cleonae,
759 930 917 1009 Apollonia
933 932 1012 990 cuius
1028 933 1069 990 in-

59 1015 560 1093 colaeMaerobiicognominantur
593 1015 728 1095 oppidum
745 1012 887 1092 Cassera,
902 1016 1069 1116 faucesque
1087 1024 1120 1077 38

19 1118 45 1155 10
59 1101 168 1160 alterae
184 1099 292 1178 isthmi,
305 1099 464 1177 Acanthus,
477 1101 602 1177 Stagira,
620 1100 752 1177 Sithone,
770 1097 925 1178 Heraclea,
939 1109 968 1160 et
984 1102 1069 1178 regio

58 1183 232 1261 Mygdoniae
254 1185 408 1245 subiacens
429 1187 459 1244 iu
481 1202 535 1262 qua
558 1184 732 1244 recedentes
759 1201 776 1242 a
806 1183 877 1243 mari
899 1182 1069 1263 Apollonia,

59 1265 215 1330 Arethusa.
245 1269 274 1326 in
298 1286 348 1328 ora
363 1286 464 1327 rursus
480 1267 626 1327 Posidium
649 1276 679 1327 et
695 1269 773 1326 sinus
789 1285 852 1327 cum
874 1268 982 1347 oppido
999 1267 1069 1329 Cer-

59 1368 158 1427 moro,
177 1350 361 1429 Amphipolis
379 1351 502 1410 liberum
510 1393 519 1427 ,
536 1369 610 1428 gens
624 1350 759 1409 Bisaltae.
794 1350 862 1411 dein
878 1342 1068 1412 Macedoniae

60 1435 198 1494 terminus
223 1435 312 1493 amnis
329 1434 444 1510 Strymo
461 1444 541 1494 ortus
556 1437 585 1492 in
600 1433 717 1494 Haemo.
739 1434 952 1494 memorandum
972 1438 1001 1494 in
1023 1456 1068 1495 se·

19 1536 45 1575 rs
59 1525 138 1595 ptem
158 1518 256 1576 laeuus
276 1537 339 1577 eum
360 1518 439 1578 fundi
461 1520 624 1596 priusquam
642 1518 748 1594 dirigat
769 1536 893 1578 cursum.
923 1517 1002 1578 Haec
1023 1528 1069 1579 est
1086 1522 1120 1576 39

57 1600 227 1661 Macedonia
254 1609 394 1661 terrarum
420 1602 542 1680 imperio
566 1603 659 1680 potita
681 1601 838 1680 quondam,
866 1602 937 1661 haec
958 1602 1068 1680 Asiam,

59 1685 242 1760 Armeniam,
257 1683 420 1760 Hiberiam,
438 1685 606 1762 Albaniam,
623 1683 851 1765 Cappadociam,
868 1684 991 1764 Syriam,
1010 1686 1069 1747 Ae·
1161 1738 1164 1743 .

58 1777 193 1846 gyptum,
220 1768 361 1846 Taurum,
384 1767 540 1829 Caucasum
565 1776 765 1847 transgressa,
794 1770 866 1830 haec
892 1771 921 1828 ia
945 1770 1068 1850 Bactris,

59 1852 167 1929 Medis,
188 1852 287 1912 Persis
308 1853 450 1912 dominata
472 1862 535 1912 toto
558 1854 673 1914 oriente
696 1871 854 1932 possesso,
882 1853 956 1913 haec
983 1856 1069 1914 etiam

18 1946 47 1994 ao
59 1936 157 1995 indiae
170 1938 275 1995 victrix
286 1955 341 2015 per
350 1939 475 2014 vestigia
487 1935 584 1997 hiberi
598 1936 690 1997 Patris
707 1947 795 2016 atque
806 1937 940 1998 Herculis
953 1948 1068 2016 vagata,
1170 1938 1173 1943 ’

58 2019 131 2079 haec
147 2020 249 2080 eadem
263 2030 309 2081 est
323 2020 491 2082 Macedonia
506 2023 587 2080 cuius
604 2039 660 2081 uno
677 2022 723 2081 die
739 2021 844 2081 Paulus
859 2021 1002 2082 Aemilius
1019 2025 1069 2082 im·

58 2112 179 2181 perator
194 2114 296 2165 noster
312 2104 418 2164 nxxu
439 2104 527 2165 urbes
544 2106 673 2183 direptas
689 2105 829 2166 vendidit.
860 2114 965 2166 tautam
987 2106 1069 2166 111115·ι

58 2190 179 2331 rentiqm
196 2191 284 2249 sortis
302 2191 478 2268 praestitere
494 2189 550 2248 duo
569 2190 711 2249 homines

122 2270 279 2351 1(1.18)
307 2272 430 2333 Threcia
451 2275 597 2350 sequitur,
625 2276 703 2333 inter
722 2274 914 2334 validissimas
929 2274 1065 2353 Europae
1085 2285 1119 2338 40

18 2375 44 2413 as
58 2350 176 2431 gent'es,
191 2357 220 2414 in
236 2359 390 2432 strategias
405 2349 427 2414 L
443 2355 543 2415 divisa
566 2355 780 2434 Populorum
754 2376 816 2416 erus
830 2375 904 2433 quos
918 2360 1066 2418 nominare

58 2456 116 2498 non
140 2441 239 2516 pigeat
264 2457 372 2499 amnem
390 2439 573 2514 Strymonem
596 2439 730 2498 adcolunt
755 2438 859 2497 dextro
880 2439 973 2500 latere
991 2440 1068 2500 Den-

59 2523 172 2582 seletae
189 2531 218 2581 et
233 2522 309 2582 Medi
327 2524 361 2583 ad
376 2522 499 2581 Bisaltas
514 2540 607 2599 usque
625 2539 711 2599 supra
727 2521 832 2597 dictos,
848 2521 934 2582 laevo
950 2522 1067 2600 Digerri

58 2606 273 2684 Bessorumque
297 2607 383 2666 multa
402 2608 516 2666 nomina
539 2606 574 2664 ad
597 2606 720 2666 Mestum
741 2623 851 2665 amnem
871 2607 925 2665 ima
941 2606 1067 2684 Pangaei

58 2692 164 2750 rnontis
181 2691 353 2750 ambientem
370 2691 446 2750 inter
461 2689 593 2765 Haletos,
608 2689 783 2766 Diabessos,
800 2687 981 2767 Carbilesos,
999 2690 1066 2752 inde

18 2794 43 2833 ao
59 2774 175 2849 Brysas,
189 2773 331 2852 Sapaeos,
349 2773 536 2834 Odomantes.
558 2773 732 2848 Odrysarum
749 2791 822 2850 gens
833 2774 925 2833 fundit
940 2774 1067 2835 Hebrum

58 2858 259 2917 adcolentibus
281 2855 454 2934 Carbiletis,
470 2856 645 2934 Pyrogeris,
664 2856 823 2934 Drugeris,
842 2855 994 2935 Caenicis,
1009 2858 1066 2933 Hy-

59 2942 177 3019 psaltis,
195 2940 299 3016 Benis,
321 2940 466 3019 Corpilis,
486 2939 646 3018 Bottiaeis,
667 2939 785 3002 Edonis.
822 2940 933 3002 Eodem
957 2950 1023 3002 sunt
1038 2944 1066 3001 in
1084 2954 1115 3004 41

58 3033 149 3084 tractu
163 3024 302 3101 Sialetae,
314 3025 460 3102 Priantae,
472 3022 638 3102 Dolongae,
654 3024 758 3103 Thyni,
775 3023 925 3086 Celaletae
939 3025 1065 3087 maiores

57 3109 177 3184 Haemo,
189 3111 316 3168 minores
329 3107 491 3188 Rhodopae
510 3109 628 3169 subditi.
651 3110 729 3169 inter
747 3127 820 3187 quos
833 3108 948 3168 Hebrus
965 3111 1066 3188 amnis,

17 3212 42 3251 55
58 3194 193 3272 oppidum
212 3193 265 3253 sub
286 3192 431 3271 Rhodope
446 3192 641 3272 Poneropolis
663 3202 766 3268 antea,
787 3210 856 3252 mox
876 3193 1064 3255 aconditore

57 3278 286 3356 Philippopolis,
302 3296 377 3337 nunc
392 3296 407 3337 a
425 3278 482 3338 situ
500 3276 688 3338 Trimontium
705 3277 788 3337 dicta.
823 3275 922 3336 Haemi
941 3277 1065 3336 excelsi-

57 3371 100 3421 tas
116 3361 157 3421 Vl
173 3362 230 3422 mil.
250 3380 327 3440 pass
347 3361 469 3423 subitur.
500 3362 614 3422 Aversa
633 3364 695 3422 eius
717 3363 772 3420 et
764 3379 794 3420 m
808 3359 936 3420 Histrum
952 3361 1064 3422 devera

57 3446 161 3550 Moesi,
179 3446 283 3525 Cetae,
306 3446 393 3525 Aodi,
409 3447 558 3524 Scaugdae
576 3444 766 3526 Clariaeque,
758 3445 926 3590 ,eltlsphn
907 3464 951 3511 ns
958 3445 1064 3506 Arraei
