2400 3856
133 136 173 200 86
499 151 529 199 c.
546 153 642 199 unum
658 109 809 199 succum

132 304 226 381 iugari
243 303 332 364 diram
352 306 429 366 illam
451 325 485 367 ac
507 307 648 367 minacem
670 306 905 386 appellatamque
927 307 1068 369 Helenam
1089 309 1133 369 ie·

132 397 212 462 runt,
235 397 265 446 et
286 388 324 447 ob
345 390 373 449 id
389 389 501 449 Polluci
524 399 553 450 et
569 387 682 450 Castori
705 390 734 450 id
754 409 858 450 numen
873 392 1040 469 adsignant,
1065 411 1132 454 eos·

133 488 189 548 que
205 473 319 530 inmari
335 473 408 533 deos
425 475 567 534 invocant.
593 474 743 533 Hominum
760 493 876 553 quoqne
894 476 990 555 capita
1008 495 1132 555 vesper·

132 555 199 613 tinis
219 573 324 632 magno
347 559 503 635 praesagio
529 557 755 635 circumfulgent.
784 559 878 620 omnia
892 560 1002 620 incerta
1018 563 1133 628 ratione

134 647 163 696 et
178 638 207 697 in
223 648 340 700 naturae
355 643 506 701 maiestate
523 641 629 702 abdita.
1144 668 1158 710 5

91 728 142 783 102
205 721 254 783 38.
278 723 363 804 (38.)
387 725 532 785 Hactenus
555 725 591 786 de
613 726 718 786 mundo
733 727 798 805 ipso
815 726 1027 806 sideribusque.
1057 744 1134 789 nnnc

132 804 246 883 reliqua
262 808 337 867 caeli
354 809 562 869 memorabilia.
589 827 712 888 namque
735 819 765 869 et
786 810 843 869 hoo
861 811 974 870 caelum
999 811 1133 890 appella·

131 907 204 948 vere
220 892 346 950 maiores
363 893 441 971 quod
456 893 513 953 alio
528 894 643 952 nomine
659 911 737 969 aera,
755 910 839 953 omne
855 892 933 972 qnod
949 889 1024 954 inani
1037 894 1132 956 simile

131 972 250 1032 vitalem
261 975 336 1034 hunc
351 977 480 1053 spiritum
496 976 596 1036 fundit.
621 975 697 1036 lulra
715 976 808 1036 lunam
823 977 898 1037 baec
913 977 1013 1054 sedes,
1029 979 1132 1038 multo·

133 1073 190 1137 quc
211 1057 344 1133 inferior,
371 1067 400 1117 ut
421 1059 616 1120 animadverto
639 1060 849 1139 propemodum
870 1069 1019 1140 constare,
1040 1062 1167 1123 inlini-ro

132 1152 189 1200 turn
209 1160 246 1200 ex
268 1143 421 1221 superiore
445 1152 543 1203 natura
565 1145 657 1218 aeris,
687 1144 822 1204 inlinitum
836 1152 868 1205 ot
881 1144 992 1214 terreni
1006 1141 1133 1205 balituus

131 1225 257 1284 miscens
281 1236 402 1305 utraque
426 1235 505 1287 sorte
535 1225 727 1287 confunditur.
770 1226 844 1286 Hinc
864 1224 978 1302 nubila,
1007 1230 1133 1286 tonitrua

29 1380 32 1386 Ι
133 1316 163 1366 et
176 1308 232 1368 alia
250 1310 381 1385 fulmina,
398 1309 465 1370 luinc
480 1309 645 1388 grandines,
663 1310 801 1387 pruinae,
827 1307 949 1383 imbres,
966 1308 1131 1386 procellae,

125 1390 272 1470 turbines,
285 1393 351 1454 binc
363 1393 486 1472 plurima
505 1394 665 1455 mortalium
676 1392 751 1454 malo
762 1401 791 1452 et
800 1409 896 1452 rerum
904 1400 1022 1453 naturae
1035 1410 1133 1470 pugna

90 1483 142 1542 lob
154 1493 261 1537 secum.
293 1477 423 1540 Terrena
437 1480 468 1538 iu
483 1479 595 1539 caelum
610 1478 756 1538 tendentia
778 1476 912 1554 deprimit
933 1475 1060 1536 siderum
1077 1477 1132 1551 vis,
1142 1496 1165 1535 15

135 1558 296 1640 eademque
318 1581 392 1642 quae
415 1571 519 1641 sponte
542 1580 598 1623 non
619 1561 741 1621 subeant
757 1559 794 1620 ad
815 1577 847 1619 se
870 1560 965 1620 trabit.
996 1558 1132 1619 decidunt

134 1643 260 1722 imbres,
281 1646 406 1706 nebulae
424 1647 562 1723 subeunt,
580 1648 723 1705 siccantur
736 1661 849 1718 amnes,
865 1652 948 1702 ruunt
963 1642 1130 1719 grandines,

133 1735 246 1788 torrent
252 1730 324 1790 radii
335 1737 365 1789 et
376 1738 484 1789 terram
494 1731 523 1788 in
534 1726 732 1788 modiomnndi
745 1724 871 1803 undique
883 1724 1037 1803 inpellunt,
1045 1725 1132 1786 iidem

132 1809 247 1872 infracti
261 1812 393 1874 resiliunt
411 1823 440 1873 et
454 1831 529 1892 quae
545 1822 668 1892 potuere
691 1812 822 1871 auferunt
846 1826 954 1869 secum.
985 1824 1079 1886 vapor
1094 1825 1132 1867 ex

133 1892 191 1955 alto
213 1897 289 1957 cadit
310 1915 480 1976 rursumque
506 1898 534 1956 iu
556 1897 641 1957 altum
658 1895 741 1955 redit.
769 1893 848 1953 venti
870 1895 1002 1970 ingruunt
1017 1893 1165 1966 inanes,ao

132 1976 278 2059 iidemque
303 2000 366 2042 cnm
386 1983 486 2059 rapina
506 1989 646 2041 remeant.
676 1988 719 2038 tot
735 1977 896 2039 animalium
912 1976 1030 2036 haustus
1047 1974 1131 2052 spiri·

126 2067 191 2121 tum
206 2081 223 2121 e
239 2063 354 2124 sublimi
368 2063 470 2137 trahit,
487 2073 515 2123 at
531 2065 582 2124 ille
598 2072 697 2123 contra
712 2063 824 2136 nititur,
846 2060 992 2139 tellusque
1008 2066 1039 2119 nt
1055 2057 1133 2119 mani

90 2148 142 2203 104
153 2145 242 2204 caelo·
253 2148 382 2224 spiritum
397 2147 496 2207 tundit.
530 2148 580 2207 Sic
594 2146 669 2206 ultro
692 2147 764 2207 citro
785 2151 954 2205 conmeante
977 2150 1079 2205 natura
1104 2149 1135 2200 ut

132 2238 274 2289 tormento
300 2231 397 2309 aliquo
420 2231 516 2291 nmudi
532 2231 682 2291 celeritate
706 2229 853 2290 discordia
870 2226 1049 2288 accenditur.
1077 2241 1134 2284 neo

132 2322 209 2373 stare
234 2332 349 2393 pugnae
366 2314 457 2391 licet,
480 2314 534 2374 sed
554 2313 673 2374 adsidue
696 2322 779 2391 rapta
801 2311 983 2372 convolvitur
1004 2317 1034 2368 et
1055 2307 1166 2369 circata

124 2406 238 2457 terram
260 2400 389 2459 inmenso
415 2417 512 2459 rerum
535 2416 638 2459 causas
660 2395 751 2474 globo
776 2394 917 2470 ostendit,
940 2391 1063 2453 subinde
1078 2406 1134 2469 per

127 2482 222 2543 nubes
232 2483 343 2543 coelum
358 2483 436 2543 aliud
452 2483 606 2542 obtexens.
637 2479 867 2540 Ventorumboc
880 2494 1012 2555 regnum.
1035 2475 1132 2553 itaque

131 2568 291 2645 praecipua
309 2584 409 2626 eorum
425 2576 525 2627 natura
547 2566 588 2626 ibi
603 2575 632 2625 et
651 2564 743 2625 ferme
760 2563 889 2642 reliquas
919 2558 1066 2638 conplexa
1100 2574 1133 2616 se

132 2665 251 2723 causas,
275 2651 409 2728 quoniam
424 2659 453 2709 et
467 2651 620 2709 tonitrunm
639 2657 667 2707 et
682 2644 1052 2706 fulminumiactuushorum
1068 2642 1130 2701 vio·

131 2730 237 2790 lentiae
249 2733 384 2810 plerique
400 2732 566 2808 adsignant,
596 2733 663 2811 quin
681 2731 792 2790 etideo
808 2728 952 2809 lapidibus
968 2728 1071 2806 pluere
1091 2725 1131 2783 iu·
1141 2741 1166 2784 aa

131 2816 224 2890 terim,
242 2816 308 2894 quia
321 2824 409 2874 vento
426 2816 482 2873 sint
496 2816 585 2893 rapti,
604 2824 633 2874 et
648 2813 734 2873 multa
750 2813 891 2874 similiter.
918 2828 1002 2891 quam
1018 2809 1056 2869 ob
1071 2825 1134 2868 rem

131 2895 214 2958 simul
229 2900 313 2978 plura
328 2898 450 2960 dicenda
465 2907 538 2958 sunt.

90 2992 141 3046 1os
213 2984 263 3044 39.
286 2983 370 3065 (39.)
396 2983 611 3062 Tempestatum
628 2998 783 3060 rerumque
799 2980 1044 3058 quasdamstatas
1065 2990 1133 3034 esse

72 3122 75 3127 .
132 3085 251 3144 causas,
274 3068 413 3147 quasdam
428 3086 502 3129 vero
521 3069 654 3129 fortuitas
670 3074 718 3126 aut
732 3064 825 3125 adbuc
842 3063 962 3123 rationis
978 3061 1133 3138 inconper-

131 3159 189 3228 tae,
207 3152 389 3212 maniiestum
412 3162 466 3212 est.
505 3153 569 3229 quis
591 3152 667 3209 enirn
682 3157 810 3208 aestates
825 3155 854 3206 et
868 3145 982 3205 hiemes
998 3158 1164 3237 quaequoss

130 3236 159 3295 in
179 3237 358 3315 temporibus
382 3253 473 3295 annua
495 3236 562 3293 vice
586 3233 791 3308 intelleguntur
815 3230 943 3290 siderum
969 3234 1048 3287 motu
1070 3224 1133 3285 lion

131 3318 263 3381 dubitet?
293 3320 330 3381 Ut
353 3319 424 3379 solis
446 3335 518 3395 ergo
533 3326 633 3376 natura
649 3314 836 3394 temperando
854 3312 1033 3388 intellegitur
1048 3324 1133 3399 anno,

126 3402 172 3462 sic
187 3405 365 3483 reliquorum
381 3420 497 3483 quoqne
516 3400 642 3460 siderum
667 3399 785 3479 propria
801 3406 846 3458 est
863 3395 1027 3475 quibusque
1043 3410 1089 3453 vus
1104 3398 1134 3449 ot
