2400 3856
108 170 167 236 188
455 181 487 230 c.
505 181 602 230 emm
617 178 767 229 suenum

67 341 211 400 totesima
236 338 322 414 iunge
355 335 493 412 agricolis
519 336 603 395 lenus
630 335 770 395 reddente
796 341 883 393 terra.
927 331 980 393 llic
1011 328 1121 412 oppida

107 424 202 482 libera
215 420 333 498 Leptis,
351 418 572 496 hadrumetum,
586 417 733 496 Ruspina,
750 416 890 495 Thapsus.
924 416 992 476 inde
1008 416 1121 492 Thena,

108 506 206 581 Aves,
228 503 427 579 Macomades,
448 503 581 580 Tacape,
604 501 724 561 Sabrata
746 503 920 577 contingens
942 501 1051 574 Syrtim
1070 501 1121 558 mi·

108 607 226 665 norem,
248 588 283 647 ad
300 604 384 665 quarn
398 585 548 647 Numidiae
563 594 593 645 et
608 585 726 645 Africae
747 585 783 644 ab
800 585 946 662 Ampsaga
968 583 1121 660 longitudo

108 671 242 733 DLXXX
257 670 287 730 Μ
304 689 394 750 pass,
412 668 533 731 latitudo
550 688 605 749 qua
620 670 767 746 cognitum
784 677 830 728 est
846 666 895 728 00
909 667 947 730 Μ.
988 666 1031 727 Ea
1052 685 1120 747 pars
1136 680 1151 722 o

109 775 191 836 quam
221 755 349 814 Africam
373 754 583 834 appellavimus
611 752 747 812 dividitur
775 755 805 811 in
839 752 909 812 duas
942 753 1121 831 provincias,

107 850 241 901 veterem
259 848 287 898 et
307 855 426 915 novam,
451 839 593 898 discretas
615 837 696 896 fossa
717 838 793 896 inter
810 835 977 896 Africanum
995 853 1122 915 sequen·

109 933 212 984 temet
228 941 318 1000 reges
334 921 462 982 l'henam
477 939 571 999 nsque
586 919 744 997 perducta,
766 919 844 997 qnod
867 920 1004 999 oppidum
1020 936 1036 978 a
1052 915 1122 978 Gar·

59 1015 93 1068 26
108 1007 226 1085 thagine
244 1007 328 1066 abest
345 1002 465 1065 CCXVI
480 1002 509 1063 M
527 1018 602 1081 pass.
633 1000 694 1081 (4.)
709 1002 825 1062 Tertius
842 1006 921 1062 sinus
937 1003 1075 1063 dividitur
1091 1003 1122 1061 in

109 1093 259 1169 geminos,
287 1089 404 1148 duarum
424 1087 551 1163 Syrtium
571 1087 682 1146 vadoso
704 1104 738 1146 ac
758 1088 915 1164 reciproco
936 1088 1005 1145 mari
1031 1086 1120 1146 dirus.
1135 1102 1159 1142 ao

110 1176 144 1235 ad
161 1175 336 1252 proximam,
360 1188 434 1249 quae
459 1172 553 1230 minor
576 1177 640 1247 est,
664 1189 679 1230 a
702 1167 879 1246 Carthagine
900 1167 974 1230 000
992 1169 1022 1229 Μ
1040 1188 1120 1249 pass.

110 1256 251 1330 Polybius
274 1254 374 1331 tradit,
396 1256 488 1332 ipsam
503 1251 526 1314 0
541 1253 571 1313 Μ
586 1272 722 1333 passuum
742 1253 835 1331 aditu,
863 1251 936 1314 000
953 1251 983 1312 Μ
1003 1254 1120 1313 ambitu.

111 1349 141 1400 ct
158 1348 236 1399 terra
250 1347 344 1397 autem
362 1337 488 1398 siderum
506 1339 715 1398 observatione
735 1339 770 1398 ad
786 1354 849 1397 eam
863 1356 918 1416 per
934 1337 1054 1398 deserta
1072 1336 1121 1396 ha·
1185 1358 1187 1363 ·

110 1424 189 1483 renis
213 1440 325 1501 perque
351 1431 506 1501 serpentes
531 1424 590 1482 iter
613 1430 668 1481 est.
703 1418 859 1499 Excipiunt
879 1423 989 1481 saltuus
1012 1419 1122 1499 repleti

109 1507 236 1566 ferarum
256 1505 453 1584 multitudine,
475 1514 506 1565 et
525 1510 668 1566 introrsus
693 1504 915 1583 elephantorum
936 1504 1121 1580 solitudines,
1135 1521 1160 1563 aa

109 1608 178 1650 mox
201 1590 319 1650 deserta
343 1597 424 1649 vasta
445 1589 580 1668 ultraque
602 1587 787 1649 Garamantes
811 1589 846 1648 ab
870 1589 986 1665 Augilis
1010 1588 1123 1649 dierum

58 1685 92 1736 27
108 1674 163 1734 Xll
184 1676 291 1733 itinere
312 1673 463 1732 distantes.
493 1672 589 1750 Super
611 1672 678 1733 illos
700 1673 785 1732 fuere
805 1690 879 1748 gens
901 1672 1011 1749 Psylli,
1031 1689 1123 1750 snper

110 1776 184 1836 quos
213 1757 295 1816 lacus
315 1756 487 1833 Lycomedis
515 1756 642 1816 desertis
668 1756 868 1816 circumdatus.
911 1756 1038 1834 Augilae
1064 1756 1122 1833 ipsi

109 1842 205 1901 medio
224 1841 288 1900 iere
306 1842 401 1920 spatio
423 1841 555 1902 locantur
569 1841 606 1906 ab
624 1839 783 1919 Aethiopia
799 1857 872 1916 quae
888 1839 924 1900 ad
940 1840 1123 1901 occidentem

109 1926 206 2002 vergit
223 1933 252 1983 et
267 1942 282 1983 a
297 1926 421 2002 regione
436 1942 510 2002 quae
527 1924 596 1983 duas
614 1923 708 1998 Syrtis
728 1926 882 1983 interiacet
897 1926 960 2002 pari
976 1926 1122 2002 utrimque
1134 1943 1160 1984 ao

42 2066 45 2071 ,
109 2008 275 2068 intervallo.
306 2008 364 2068 Sed
379 2008 467 2067 litore
482 2010 558 2066 inter
573 2007 643 2068 duas
659 2006 754 2084 Syrtis
772 2004 887 2066 0ch
906 2027 1050 2085 passuum.
1080 2007 1122 2066 ibi

110 2093 212 2151 civitas
236 2090 377 2166 Oeensis,
404 2089 514 2168 Cinyps
535 2089 638 2149 fluvius
659 2108 693 2150 ac
715 2093 818 2168 regio,
838 2092 945 2170 oppida
967 2090 1122 2170 Neapolis,

110 2174 241 2252 Taphra,
251 2172 461 2249 habrotonum,
473 2172 574 2251 Leptis
586 2173 678 2233 altera
689 2192 763 2251 quae
776 2177 995 2251 cognominatur
1006 2173 1121 2252 Magna.

109 2257 179 2317 lnde
196 2257 289 2333 Syrtis
305 2259 396 2317 maior
418 2258 538 2316 circuitu
557 2254 713 2335 DCXXV,
735 2257 813 2317 aditu
832 2268 928 2319 autem
946 2255 1077 2319 cccxli
1093 2255 1124 2316 Μ

58 2351 93 2404 28
110 2360 254 2422 passuum.
286 2342 352 2401 inde
372 2340 479 2401 accolit
494 2359 568 2418 gens
587 2337 780 2420 Cisippadum.
809 2341 842 2402 ln
863 2344 964 2402 intimo
983 2343 1048 2403 sinu
1068 2343 1123 2401 luit
1135 2358 1159 2402 aa

111 2444 162 2485 ora
183 2425 376 2503 Lotophagon
400 2442 473 2503 quos
494 2424 608 2503 quidam
627 2425 789 2485 Alachroas
812 2427 931 2504 dixere,
952 2427 988 2486 ad
1007 2425 1123 2486 Philae·

109 2527 211 2570 norum
225 2527 299 2570 aras.
330 2528 369 2569 ex
383 2510 490 2569 harena
505 2518 571 2569 sunt
586 2509 652 2570 hae.
694 2509 741 2590 Ab
758 2510 803 2569 his
824 2527 882 2570 uon
897 2509 1000 2588 procul
1019 2527 1036 2570 a
1054 2527 1124 2570 cun·

109 2595 219 2652 tinente
238 2593 320 2670 palus
338 2601 418 2653 vasta
434 2610 544 2652 amnem
557 2591 705 2652 Tritonem
721 2611 885 2672 nomenque
900 2594 935 2653 ab
952 2612 989 2654 ec
1004 2595 1123 2671 accipit,

109 2675 264 2735 Pallantias
280 2675 426 2753 appellata
442 2673 619 2735 Callimacho
636 2685 667 2736 et
682 2678 755 2735 citra
769 2678 912 2738 minorem
926 2678 1042 2753 Syrtim·
1053 2695 1123 2737 esse

109 2758 200 2834 dicta,
222 2758 350 2816 amnltis
371 2777 444 2819 vero
469 2761 546 2818 inter
565 2758 634 2818 duas
651 2759 755 2835 Syrtis.
798 2762 1026 2839 promunturium
1044 2759 1123 2840 quud
1135 2779 1160 2821 to

108 2843 248 2901 maiorem
275 2839 393 2900 includit
406 2841 515 2902 Borion
530 2841 702 2920 appellatur.
732 2843 807 2904 ultra
822 2841 982 2920 Cyrenaica
1002 2845 1122 2923 provin·
1167 2882 1170 2887 ‹

57 2933 92 2985 29
110 2927 163 2983 cia.
200 2924 246 2985 Ad
261 2924 335 2984 hunc
360 2925 445 2985 linem
460 2924 560 2985 Africa
579 2945 596 2985 a
617 2926 705 2986 fluvio
721 2926 868 3006 Ampsaga
883 2928 1010 3009 populos
1024 2926 1123 2987 nxvl

54 3020 58 3026 ·
73 3020 99 3098 33
110 3006 195 3068 habet
209 3011 257 3086 qui
275 3009 403 3070 Romano
416 3018 536 3087 pareant
552 3011 684 3089 irnperio.
715 3012 745 3070 in
760 3011 804 3071 his
819 3012 951 3072 colonias
967 3011 1021 3089 vt,
1036 3030 1122 3091 prac-

110 3099 155 3152 ter
171 3095 226 3152 iam
241 3093 332 3153 dictas
353 3092 505 3169 Uthinam,
529 3093 686 3156 Thuburbi.
724 3094 829 3175 oppida
851 3097 957 3156 civium
975 3094 1122 3158 llomano-

107 3193 169 3234 rum
190 3176 261 3254 XV,
288 3196 327 3236 ex
350 3177 453 3256 quibus
472 3181 502 3237 in
524 3177 739 3239 mediterraneo
761 3180 881 3240 dicenda
902 3179 1161 3259 Absuritanum,s⁵

106 3258 312 3337 Abutucense,
340 3261 525 3336 Aboriense,
557 3257 748 3340 Canopicum,
783 3260 994 3342 Chimavense,
1024 3263 1122 3325 Simit-

105 3350 226 3419 tuense,
243 3343 491 3422 Thunusidiense,
515 3343 770 3425 Thuburnicense,
792 3346 1051 3424 Thinidrumense,
1074 3347 1122 3408 Ti·
1161 3342 1166 3350 '

105 3424 245 3504 bigcnse,
267 3425 389 3488 Ucitana
406 3428 480 3502 duo,
507 3429 597 3488 maius
619 3437 650 3489 et
667 3432 776 3507 minus,
802 3431 950 3509 vagense.
982 3431 1122 3510 oppidum
