2400 3856
86 154 127 217 62
452 168 481 216 c.
498 170 594 217 Purus
609 171 759 219 saeuum

87 324 159 401 (41)
178 322 304 397 Arabus,
328 323 488 383 medicinae
507 343 544 383 ex
566 342 602 383 eo
617 323 667 384 Vl.
700 325 771 405 (42)
791 327 828 386 de
844 329 971 407 pumice,
995 332 1085 390 medi·

87 407 169 467 cinae
187 425 224 464 ex
239 424 275 466 eo
288 405 380 466 v1111.
414 406 485 486 (43)
503 408 539 467 de
562 409 706 468 mortariis
728 410 948 471 medicinalibus
964 422 993 472 et
1009 414 1083 473 aliis.

84 490 201 550 Etesius
217 491 302 568 lapis,
319 489 473 565 chalazius,
497 491 569 572 (44)
587 491 732 569 Siphnius,
750 494 864 571 lapides
875 496 991 571 molles,
1011 498 1085 576 (45)

84 574 198 652 lapides
214 574 395 651 speculares,
424 573 495 653 (46)
515 575 678 652 phengites.
709 576 781 655 (47)
798 576 843 637 De
860 579 983 655 cotibus,
1011 580 1085 659 (48)

85 657 122 716 de
137 656 251 735 tophis,
283 657 349 734 (49.
367 658 477 736 totae
492 660 604 718 silicum
627 668 741 735 natura,
764 662 800 720 de
817 662 940 741 reliquls
958 664 994 723 ad
1010 673 1111 732 stru-5

85 751 192 801 cturam
208 734 362 819 lapidibus.
391 742 463 820 (51)
479 741 593 802 Genera
605 752 775 802 structurae.
801 745 873 824 (52)
888 746 924 804 de
937 747 1082 806 cisternis.

85 825 156 904 (53)
174 826 210 884 de
229 825 322 885 calce.
351 825 422 904 (54)
436 825 563 885 harenae
579 845 700 902 genera,
716 825 842 887 harenae
862 838 891 888 et
907 829 997 889 calcis
1013 833 1084 889 mix·

82 917 173 968 turae.
203 909 275 988 (55)
296 908 364 969 vitia
377 917 547 970 structurae.
575 909 611 969 de
627 911 767 969 tectoriis.
787 910 860 991 (56)
874 911 919 971 De
933 914 1083 989 columnis,

82 1010 192 1070 genera
210 992 413 1052 columnarum.
445 993 517 1071 (57)
535 992 698 1053 Medicinae
722 1011 759 1052 ex
779 995 861 1054 calce
882 995 919 1054 V.
946 996 1020 1075 (58)
1038 996 1084 1056 De

81 1076 197 1149 maltha,
230 1075 302 1152 (59)
322 1076 359 1134 de
374 1092 479 1153 gypso.
510 1076 666 1157 (66-64)
682 1077 722 1136 lle
740 1078 910 1154 pavimentis
926 1072 1083 1162 (asarotos
1096 1101 1124 1142 uo
1187 1132 1191 1141 .

82 1175 184 1219 oecos.
221 1158 271 1217 61.
289 1158 366 1236 quod
383 1160 711 1237 primumpavimentnm
727 1158 848 1221 Romae.
885 1161 935 1222 62.
957 1164 994 1223 de
1018 1164 1085 1223 sub·

82 1241 206 1302 dialibus
224 1242 404 1318 pavimentis.
435 1242 484 1304 63.
503 1241 680 1304 Graecanica
696 1245 867 1322 pavimenta.
901 1245 950 1305 64.
970 1249 1085 1325 quando

82 1325 202 1403 primurn
215 1320 441 1412 lithostrotum).
459 1325 580 1399 Quando
594 1328 714 1406 primum
727 1345 858 1388 camarae
870 1331 992 1391 vitreae.
1010 1330 1084 1408 (65)

82 1410 165 1486 origo
177 1409 253 1483 vitri,
271 1409 345 1487 (66)
358 1428 467 1486 genera
479 1412 542 1469 eius
555 1420 584 1470 et
594 1412 667 1470 ratio
680 1410 815 1471 faciendi.
843 1412 919 1491 (67)
931 1413 968 1473 de
982 1411 1084 1472 Obsia-

81 1494 134 1552 nis.
155 1492 227 1571 (68)
242 1492 381 1555 llliracula
395 1494 511 1570 ignium,
526 1494 614 1574 (69)
631 1495 791 1554 medicinae
809 1513 847 1554 ex
862 1497 920 1572 igni
937 1504 966 1554 et
984 1497 1083 1555 cinere
1096 1514 1123 1554 1s

80 1575 131 1650 llI,
147 1577 220 1652 (79)
235 1577 368 1653 prodigia
380 1577 449 1636 ioci.
464 1579 577 1637 Summa
588 1599 595 1637 ε
607 1578 768 1638 medicinae
781 1595 819 1636 ex
830 1577 874 1638 his
883 1577 1083 1647 LXXXVllll,

79 1657 115 1718 ad
125 1667 280 1737 serpentes
290 1656 344 1734 lll,
357 1657 515 1717 bestiarum
523 1674 669 1733 morsuus,
682 1655 717 1716 ad
729 1673 851 1731 venena,
864 1664 960 1732 caput,
974 1656 1088 1732 oculos,

81 1741 273 1820 epinyctidas,
292 1740 405 1813 dentes,
419 1741 600 1816 dentifricia,
617 1739 728 1816 fauces,
742 1747 882 1816 strumas,
900 1738 1089 1815 stomachum,

80 1827 222 1903 iocinera,
238 1826 379 1902 pituitam,
399 1834 503 1901 testes,
522 1826 658 1906 vesicam,
677 1822 816 1898 calculos,
833 1839 937 1900 panos,
956 1822 1090 1882 haemor-

80 1908 208 1985 rhoidas,
226 1908 381 1986 podagras,
398 1908 529 1985 sanguini
542 1906 684 1983 sistendo,
703 1907 873 1982 sanguinem
886 1905 1125 1981 reicientibus,ao

80 1992 196 2066 luxata,
218 1991 426 2069 phreneticos,
442 1991 637 2067 lethargicos,
654 1990 832 2066 comitiales,
848 1988 1090 2063 melancholicos,

21 2122 25 2129 .
81 2075 263 2150 vertigines,
296 2074 411 2151 ulcera,
451 2075 571 2133 volnera
603 2073 726 2148 urenda,
760 2072 903 2148 secanda,
939 2072 1090 2149 convolsa,

82 2164 219 2231 contusa,
241 2156 383 2232 maculas,
407 2165 487 2233 usta,
505 2155 650 2234 phthisin,
671 2173 823 2232 mammas,
841 2154 993 2215 muliebria
1008 2157 1090 2230 vitia,

83 2239 293 2315 carbunculos,
320 2240 500 2317 pestilentia.
547 2239 660 2298 Summa
683 2241 792 2299 omnis:
821 2258 870 2299 res
892 2247 922 2299 et
948 2239 1091 2299 historiae

83 2320 333 2383 ccccxxxflfl.
884 2356 891 2369 ·
970 2339 972 2343 ⁴
1100 2333 1126 2374 aa

146 2405 192 2465 Ex
215 2408 397 2468 auctoribus:
433 2408 469 2469 bl.
492 2409 645 2483 Varrone,
669 2406 775 2484 Galba,
804 2404 922 2482 Cincio,
948 2404 1092 2481 Muciano,

82 2488 200 2569 Nepote
222 2488 379 2568 Cornelio,
400 2491 431 2552 L.
447 2493 572 2569 Pisone,
592 2488 627 2562 Q.
645 2490 818 2566 Tuberone,
844 2488 936 2549 Fabio
957 2487 1092 2563 Vestale,

83 2573 180 2633 Annio
204 2573 336 2651 Fetiale,
357 2575 504 2652 Fabiano,
529 2576 661 2649 Seneca,
685 2572 796 2633 Catone
817 2573 970 2647 censorio,
993 2569 1092 2631 Vitru-

84 2658 142 2716 vio.
175 2656 333 2716 Externis:
355 2657 570 2734 Theophrasto,
586 2656 731 2730 Pasitele,
747 2655 818 2715 luba
832 2674 918 2731 rege,
933 2653 1092 2727 Nicandro,

87 2740 211 2813 Sotaco,
227 2737 352 2812 Sudine,
370 2737 539 2797 Alexandro
564 2736 762 2816 polyhistore,
785 2735 901 2816 Apione
918 2735 1087 2810 Plistonico,
1099 2750 1124 2792 sc

87 2820 207 2895 Doride,
223 2818 385 2895 Herodoto,
401 2819 577 2894 Euhemero,
595 2819 776 2896 Aristagora,
794 2819 946 2894 Dionysio,
963 2817 1088 2878 Artemi·
1140 2830 1147 2841 ’

88 2906 171 2980 doro,
187 2903 333 2977 Butorida‚
351 2901 534 2978 Antisthene,
549 2901 710 2979 Demetrio,
726 2902 892 2978 Demotele,
907 2901 1014 2977 Lycea.

150 2987 235 3047 Libro
250 2985 397 3046 XXXVII.
416 2988 611 3046 continentur:
644 2987 695 3066 (1)
712 2984 801 3063 Origo
817 3003 1003 3064 gemmarum.
1036 2985 1088 3065 (2)

88 3073 125 3132 de
145 3071 307 3146 Polycratis
334 3072 445 3146 tyranni
467 3089 590 3148 gemma.
623 3069 674 3150 (3)
695 3069 731 3129 de
749 3069 850 3144 Pyrrhi
867 3086 991 3146 gemma.
1036 3069 1088 3147 (4)

88 3157 136 3234 qui
152 3157 316 3233 scalptores
336 3155 443 3233 optimi.
466 3154 633 3214 nobilitates
645 3153 819 3230 scalpturae.
844 3153 895 3233 (5)
908 3170 984 3232 quae
996 3154 1088 3230 prima
1098 3169 1124 3210 as

87 3238 198 3299 Romae
214 3237 437 3314 dactyliothece.
472 3237 523 3317 (6)
547 3255 679 3315 gemmae
701 3239 729 3295 in
746 3236 866 3314 Pompei
887 3235 926 3295 lt.
943 3235 1087 3315 triumpho

87 3322 252 3382 translatae.
293 3323 345 3401 (7)
372 3321 491 3395 Quando
519 3323 638 3399 primum
646 3320 802 3397 myrrhina
813 3321 937 3379 invecta.
977 3321 1089 3379 luxuria

65 3436 68 3441 ·
88 3406 166 3465 circa
185 3424 228 3464 ea.
260 3405 310 3483 (8)
327 3416 425 3466 natura
441 3423 548 3466 eorum.
575 3405 692 3484 (916)
709 3403 754 3463 De
771 3403 909 3478 crystallo
924 3397 1090 3486 (medicina
