2400 3856
311 252 313 257 .
333 181 411 230 aar.
429 181 520 229 uror.
535 179 602 258 prr.
620 173 735 226 13-15.
757 166 908 245 (aa-ao.)
1070 161 1130 226 lii

118 339 286 417 portionem
303 344 411 396 tantum
429 335 491 394 eius
515 333 593 413 quod
615 343 713 395 uotum
735 336 774 394 sit
789 333 984 394 Hillevionurn
998 332 1128 412 gentel)

117 420 267 493 incolente
283 420 385 499 pagis,
408 436 481 496 quae
498 417 619 478 alterum
641 417 743 478 orbem
757 427 897 478 terrarum
913 437 976 480 earn
990 418 1127 497 appellat.

118 523 173 564 nec
193 506 287 564 minor
307 511 353 564 est
374 503 514 580 opinione
529 501 681 578 Aeningia.
717 498 837 572 Quidam
857 502 930 564 haec
950 501 1073 562 habitari
1094 501 1128 561 ad
1145 506 1180 559 07

116 588 240 648 Vistlam
263 604 356 665 usque
379 585 496 645 fluvium
519 603 534 645 a
555 584 711 661 Sarmatis,
734 583 882 662 Venedis,
904 586 1011 661 Scitis,
1034 584 1128 644 Hirris

85 685 99 726 s
119 671 251 747 tradunt,
279 673 371 730 sinum
389 666 561 747 Cylipenum
581 670 697 745 vocari,
722 677 751 730 et
772 671 801 729 in
823 670 900 730 ostio
923 671 986 730 eius
1009 667 1131 727 insulam

117 755 242 831 Latrim,
263 772 332 814 mox
354 754 477 812 alterum
499 754 592 813 sinum
612 751 739 831 Lagnum
763 746 972 813 c'ontermiuum
994 749 1130 811 Cimbris.

117 839 349 899 Promunturium
366 835 547 897 Cimbrorum
570 854 728 897 excurrens
751 838 781 896 iu
799 837 888 895 maria
906 836 995 912 louge
1012 834 1132 913 paenin-

119 922 210 982 sulam
230 923 321 982 eflicit
344 939 420 1000 quae
444 920 556 981 Tastris
571 919 745 999 appellatur.
786 920 860 980 Tres
886 928 916 978 et
939 920 1043 996 viginti
1064 917 1131 978 inde

119 1006 230 1066 insulae
248 1004 386 1066 Romanis
402 1007 489 1068 armis
501 1007 647 1083 cognitae.
677 1023 775 1065 earum
790 1002 992 1064 nobilissimae
1002 1002 1133 1062 Burcana

78 1104 105 1145 ιο
118 1090 242 1151 Fabaria
257 1091 367 1151 nostris
382 1089 459 1150 dicta
476 1109 492 1150 a
513 1090 605 1167 irugis
623 1088 805 1149 multitudiue
829 1095 935 1166 sponte
958 1087 1134 1166 provenien·

119 1178 173 1250 tis,
199 1177 268 1235 item
290 1173 437 1234 Glaesaria
460 1193 476 1234 a
498 1176 599 1235 sucino
620 1173 740 1233 militiae
768 1172 933 1253 appellata,
957 1189 975 1233 a
998 1169 1132 1232 barbaris

119 1259 310 1328 Austeravia,
326 1267 505 1336 praeterque
521 1258 653 1319 Actania.

181 1338 264 1419 (28.)
289 1339 366 1400 Toto
392 1350 487 1400 autem
511 1340 569 1401 hoo
594 1343 664 1401 mari
692 1341 727 1402 ad
747 1341 872 1401 Scaldim
898 1359 990 1420 usque
1017 1340 1133 1400 fluvium
1149 1350 1185 1406 oo

121 1423 309 1485 Germanicae
331 1423 465 1484 accolunt
485 1433 594 1501 gentes
615 1424 684 1484 haut
697 1425 874 1503 explicabili
893 1420 1036 1485 mensura.
1077 1433 1134 1483 tam

80 1522 106 1564 15
121 1509 264 1568 inmodica
279 1508 463 1586 prodentium
478 1507 623 1569 discordia
641 1518 697 1569 est.
732 1509 835 1570 Graeci
858 1517 887 1569 et
909 1508 1024 1588 quidam
1039 1509 1133 1568 nostri

118 1595 197 1659 iffi(
212 1589 242 1650 Μ
258 1610 394 1671 passuum
417 1610 497 1652 oraru
514 1591 685 1653 Germaniae
702 1592 898 1670 tradiderunt,
919 1592 1053 1671 Agrippa
1070 1609 1134 1651 cum

120 1677 225 1736 Raetia
247 1686 277 1736 et
300 1674 410 1736 Norico
433 1675 643 1754 longitudinem
664 1675 866 1737 cclxxxvi
888 1676 965 1735 milia
986 1694 1133 1754 passuum,

121 1760 301 1821 latitudinem
317 1757 462 1821 CXLVlll
474 1759 513 1819 Μ.
545 1758 595 1822 14.
618 1759 740 1821 Raetiae
759 1778 853 1838 prope
868 1762 952 1819 unius
969 1762 1079 1819 maiore
1095 1759 1134 1818 la·

121 1843 262 1921 titudine,
284 1861 355 1904 sane
370 1845 448 1904 circa
468 1862 622 1905 excessum
637 1846 706 1904 eius
722 1844 870 1905 subactae.
904 1862 968 1904 uam
983 1842 1135 1903 Germania

82 1943 108 1982 ao
121 1927 217 1987 multis
240 1935 346 2006 postea
367 1929 449 1988 annis
469 1945 525 1987 nec
546 1937 608 1989 tota
625 1930 799 2007 percognita
822 1937 878 1988 est.
916 1927 947 1987 Si
965 1929 1133 2002 coniectare
1148 1929 1188 1994 00

123 2013 318 2090 permittitur,
340 2010 408 2072 haut
428 2010 546 2072 multum
568 2029 620 2072 ora
644 2011 739 2074 deerit
761 2011 938 2073 Graecorum
959 2012 1088 2091 opinioni
1105 2018 1135 2070 et

124 2095 299 2174 longitudini
314 2096 349 2156 ab
372 2097 505 2175 Agrippa
520 2095 663 2177 proditae.
694 2095 902 2158 Germanorum
918 2115 1033 2174 genera
1055 2096 1135 2174 quin·

123 2198 196 2256 que:
223 2178 339 2240 Vandili
358 2198 479 2260 quorum
500 2199 569 2259 pars
585 2179 805 2258 Burgodiones,
823 2180 986 2259 Varinnae,
1008 2178 1135 2256 Charini,

124 2261 264 2323 Gutoues.
298 2264 420 2324 alterum
439 2282 532 2342 genus
552 2265 755 2343 lngyaeones,
780 2283 902 2344 quorum
924 2283 992 2343 pars
1015 2262 1135 2341 Cimbri,

83 2361 109 2402 aa
125 2345 250 2405 Teutoni
262 2362 295 2406 ac
306 2344 486 2406 Chaucorum
497 2357 612 2424 gentes.
633 2350 759 2426 proximi
771 2357 866 2408 autem
879 2347 982 2408 Rheno
994 2348 1124 2424 lstyaeo·
1137 2352 1188 2406 100

124 2448 194 2504 nes,
224 2446 344 2506 quorum
378 2429 528 2490 Sicambri.
562 2430 768 2490 mediterranei
795 2429 986 2506 Hermiones,
1015 2449 1138 2508 quorum

124 2512 232 2588 Suebi,
255 2510 463 2589 Hermunduri,
488 2510 602 2591 Chatti,
620 2511 770 2573 Cherusci.
799 2515 898 2591 quinta
923 2531 990 2591 pars
1006 2512 1137 2590 Peucini,

123 2595 284 2656 basternae
312 2614 399 2676 supra
426 2596 512 2656 dictis
535 2597 708 2657 contermini
733 2596 828 2657 Dacis.
874 2597 984 2656 Amnes
1012 2597 1082 2657 clari
1107 2601 1173 2666 in„

126 2698 264 2740 oceanum
281 2679 410 2740 defluunt
430 2678 587 2756 Guthalus,
604 2679 742 2742 Visculus
758 2683 821 2741 sive
841 2679 953 2759 Vistla,
968 2680 1071 2757 Albis,
1086 2682 1137 2743 Vi·

85 2779 113 2819 so
128 2766 239 2842 surgis,
255 2765 383 2842 Amisis,
398 2762 536 2843 Rhenus,
551 2764 645 2827 blosa.
670 2766 813 2826 introrsus
830 2785 901 2826 vero
919 2765 998 2836 nullo
1016 2768 1136 2828 inferius

126 2847 280 2909 nobilitate
298 2848 473 2926 Hercynium
488 2849 584 2927 iugum
600 2850 811 2930 praetenditur.
887 2908 892 2916 .

192 2929 239 2991 15.
263 2931 347 3013 (29.)
365 2933 398 2994 ln
409 2932 515 2993 Rheno
527 2942 623 2994 autem
638 2936 722 3012 ipso,
739 2934 866 3013 propeC
882 2934 912 2995 Μ
927 2954 1002 3014 pass.
1022 2938 1052 2994 in
1066 2935 1126 2995 lou·
1138 2943 1189 2995 101

125 3012 303 3090 gitudiuem,
327 3018 508 3079 nobilissima
527 3017 701 3078 Batavorum
723 3019 817 3079 iusula
837 3029 867 3085 et
890 3018 1138 3097 Cannenefatium,

127 3106 157 3156 ot
185 3096 260 3157 aliae
287 3097 463 3179 Frisiorum,
493 3099 690 3178 Chaucorum,
720 3102 938 3178 Frisiarouuru,
966 3103 1138 3179 Sturiorum,

87 3198 112 3237 as
126 3180 335 3251 lllarsaciorum
350 3201 422 3262 quae
444 3195 614 3247 sternuntur
635 3188 711 3246 inter
725 3185 869 3247 Helinium
887 3204 921 3247 ac
933 3185 1063 3247 Flevum.
1100 3187 1140 3245 ita

127 3265 311 3344 appellantur
332 3270 407 3328 ostia
428 3271 457 3329 iu
478 3289 553 3351 quae
576 3269 685 3330 effusus
706 3268 863 3331 Rhenus'a
884 3271 1089 3349 septentrione
1110 3271 1139 3329 in

126 3350 224 3410 laeuus
232 3393 242 3428 ,
258 3351 294 3439 ab
306 3353 458 3414 occidente
474 3356 503 3415 iu
512 3373 624 3416 amnem
634 3352 746 3414 hlosam
759 3374 794 3426 se
809 3357 938 3434 spargit,
954 3354 1050 3416 medio
1064 3355 1143 3416 inter

127 3433 198 3494 haec
216 3452 269 3496 ore
285 3435 426 3497 modicum
441 3440 548 3499 nomini
565 3457 618 3500 suo
637 3439 806 3500 custodiens
822 3439 943 3500 alveum.

194 3550 273 3588 rnrur
292 3552 355 3589 nau.
376 3552 450 3588 aaran.
477 3540 500 3590 1.
898 3521 937 3586 12
