<?xml version="1.0" encoding="UTF-8"?>
<!DOCTYPE html PUBLIC "-//W3C//DTD XHTML 1.0 Transitional//EN"
    "http://www.w3.org/TR/xhtml1/DTD/xhtml1-transitional.dtd">
<html xmlns="http://www.w3.org/1999/xhtml" xml:lang="en" lang="en">
 <head>
  <title>
</title>
<meta http-equiv="Content-Type" content="text/html;charset=utf-8" />
  <meta name='ocr-system' content='tesseract 3.04.00' />
  <meta name='ocr-capabilities' content='ocr_page ocr_carea ocr_par ocr_line ocrx_word'/>
</head>
<body>
  <div class='ocr_page' id='page_1' title='image "./cplinisecundina07plingoog_0220.png"; bbox 0 0 2400 3856; ppageno 0'>
   <div class='ocr_carea' id='block_1_1' title="bbox 366 176 1094 262">
    <p class='ocr_par' dir='ltr' id='par_1_1' title="bbox 366 176 1094 262">
     <span class='ocr_line' id='line_1_1' title="bbox 366 176 1094 262; baseline 0.004 -24"><span class='ocrx_word' id='word_1_1' title='bbox 366 191 445 238; x_wconf 75' lang='lat' dir='ltr'>aar.</span> <span class='ocrx_word' id='word_1_2' title='bbox 467 191 559 240; x_wconf 80' lang='lat' dir='ltr'>mrsu.</span> <span class='ocrx_word' id='word_1_3' title='bbox 583 176 635 239; x_wconf 84' lang='lat' dir='ltr'>m.</span> <span class='ocrx_word' id='word_1_4' title='bbox 657 186 684 240; x_wconf 85' lang='lat'>5</span> <span class='ocrx_word' id='word_1_5' title='bbox 708 178 815 262; x_wconf 80' lang='grc'>(6.-5)</span> <span class='ocrx_word' id='word_1_6' title='bbox 1034 178 1094 241; x_wconf 83' lang='grc'>133</span> 
     </span>
    </p>
   </div>
   <div class='ocr_carea' id='block_1_2' title="bbox 54 344 1187 3526">
    <p class='ocr_par' dir='ltr' id='par_1_2' title="bbox 66 344 1137 1095">
     <span class='ocr_line' id='line_1_2' title="bbox 86 344 1102 446; baseline 0.003 -42"><span class='ocrx_word' id='word_1_7' title='bbox 86 345 230 422; x_wconf 87' lang='lat' dir='ltr'>penninos</span> <span class='ocrx_word' id='word_1_8' title='bbox 247 362 330 405; x_wconf 89' lang='lat' dir='ltr'>mous</span> <span class='ocrx_word' id='word_1_9' title='bbox 342 344 444 405; x_wconf 89' lang='lat' dir='ltr'>ltaliae</span> <span class='ocrx_word' id='word_1_10' title='bbox 458 344 648 424; x_wconf 90' lang='lat' dir='ltr'>amplissimus</span> <span class='ocrx_word' id='word_1_11' title='bbox 661 348 838 446; x_wconf 81' lang='lat' dir='ltr'>perpetpis</span> <span class='ocrx_word' id='word_1_12' title='bbox 828 349 905 426; x_wconf 88' lang='lat' dir='ltr'>rugis</span> <span class='ocrx_word' id='word_1_13' title='bbox 921 349 956 409; x_wconf 90' lang='lat' dir='ltr'>ab</span> <span class='ocrx_word' id='word_1_14' title='bbox 969 345 1102 428; x_wconf 81' lang='lat' dir='ltr'><strong>Alpibus</strong></span> 
     </span>
     <span class='ocr_line' id='line_1_3' title="bbox 89 427 1137 496; baseline 0.004 -9"><span class='ocrx_word' id='word_1_15' title='bbox 89 428 210 488; x_wconf 90' lang='lat' dir='ltr'>tendens</span> <span class='ocrx_word' id='word_1_16' title='bbox 227 428 262 488; x_wconf 89' lang='lat' dir='ltr'>ad</span> <span class='ocrx_word' id='word_1_17' title='bbox 278 427 404 496; x_wconf 90' lang='lat' dir='ltr'>Siculum</span> <span class='ocrx_word' id='word_1_18' title='bbox 422 429 536 490; x_wconf 86' lang='lat' dir='ltr'>fretum</span> <span class='ocrx_word' id='word_1_19' title='bbox 574 428 621 488; x_wconf 91' lang='lat' dir='ltr'>Ab</span> <span class='ocrx_word' id='word_1_20' title='bbox 639 430 732 491; x_wconf 89' lang='lat' dir='ltr'>altero</span> <span class='ocrx_word' id='word_1_21' title='bbox 749 432 812 491; x_wconf 89' lang='lat' dir='ltr'>eius</span> <span class='ocrx_word' id='word_1_22' title='bbox 828 431 922 493; x_wconf 90' lang='lat' dir='ltr'>latere</span> <span class='ocrx_word' id='word_1_23' title='bbox 939 433 973 493; x_wconf 91' lang='lat' dir='ltr'>ad</span> <span class='ocrx_word' id='word_1_24' title='bbox 989 433 1093 496; x_wconf 90' lang='lat' dir='ltr'>Padum</span> <span class='ocrx_word' id='word_1_25' title='bbox 1103 441 1137 491; x_wconf 80' lang='grc'>45</span> 
     </span>
     <span class='ocr_line' id='line_1_4' title="bbox 87 512 1094 594; baseline 0.004 -23"><span class='ocrx_word' id='word_1_26' title='bbox 87 530 197 572; x_wconf 88' lang='lat' dir='ltr'>amnem</span> <span class='ocrx_word' id='word_1_27' title='bbox 212 512 314 572; x_wconf 90' lang='lat' dir='ltr'>ltaliae</span> <span class='ocrx_word' id='word_1_28' title='bbox 330 512 499 573; x_wconf 90' lang='lat' dir='ltr'>ditissimum</span> <span class='ocrx_word' id='word_1_29' title='bbox 522 513 615 573; x_wconf 92' lang='lat' dir='ltr'>omnia</span> <span class='ocrx_word' id='word_1_30' title='bbox 629 513 775 574; x_wconf 91' lang='lat' dir='ltr'>nobilibus</span> <span class='ocrx_word' id='word_1_31' title='bbox 792 515 907 594; x_wconf 82' lang='lat' dir='ltr'>oppidis</span> <span class='ocrx_word' id='word_1_32' title='bbox 924 520 1035 593; x_wconf 85' lang='lat' dir='ltr'>nitent,</span> <span class='ocrx_word' id='word_1_33' title='bbox 1050 516 1094 575; x_wconf 87' lang='lat' dir='ltr'>bi-</span> 
     </span>
     <span class='ocr_line' id='line_1_5' title="bbox 89 586 1094 695; baseline 0.003 -40"><span class='ocrx_word' id='word_1_34' title='bbox 89 597 188 672; x_wconf 81' lang='lat' dir='ltr'><strong>barna,</strong></span> <span class='ocrx_word' id='word_1_35' title='bbox 203 596 335 657; x_wconf 88' lang='lat' dir='ltr'>Dertona</span> <span class='ocrx_word' id='word_1_36' title='bbox 352 596 478 675; x_wconf 87' lang='lat' dir='ltr'>colonia,</span> <span class='ocrx_word' id='word_1_37' title='bbox 496 595 563 674; x_wconf 90' lang='lat' dir='ltr'>lria,</span> <span class='ocrx_word' id='word_1_38' title='bbox 579 586 753 695; x_wconf 71' lang='lat' dir='ltr'>Vardacate,</span> <span class='ocrx_word' id='word_1_39' title='bbox 768 596 922 676; x_wconf 87' lang='lat' dir='ltr'>Industria,</span> <span class='ocrx_word' id='word_1_40' title='bbox 939 599 1094 674; x_wconf 91' lang='lat' dir='ltr'>Pollentia,</span> 
     </span>
     <span class='ocr_line' id='line_1_6' title="bbox 66 678 1095 761; baseline 0.001 -21"><span class='ocrx_word' id='word_1_41' title='bbox 66 678 202 741; x_wconf 80' lang='lat' dir='ltr'>eCorrea</span> <span class='ocrx_word' id='word_1_42' title='bbox 219 680 297 758; x_wconf 87' lang='lat' dir='ltr'>quod</span> <span class='ocrx_word' id='word_1_43' title='bbox 308 680 441 741; x_wconf 74' lang='lat' dir='ltr'>Potentia</span> <span class='ocrx_word' id='word_1_44' title='bbox 456 681 686 759; x_wconf 75' lang='lat' dir='ltr'>cognominatur,</span> <span class='ocrx_word' id='word_1_45' title='bbox 702 681 780 741; x_wconf 93' lang='lat' dir='ltr'>Foro</span> <span class='ocrx_word' id='word_1_46' title='bbox 796 682 878 742; x_wconf 91' lang='lat' dir='ltr'>Fulvi</span> <span class='ocrx_word' id='word_1_47' title='bbox 896 683 974 761; x_wconf 88' lang='lat' dir='ltr'>quod</span> <span class='ocrx_word' id='word_1_48' title='bbox 988 682 1095 743; x_wconf 90' lang='lat' dir='ltr'>Valen-</span> 
     </span>
     <span class='ocr_line' id='line_1_7' title="bbox 88 763 1094 844; baseline 0.003 -22"><span class='ocrx_word' id='word_1_49' title='bbox 88 765 194 841; x_wconf 91' lang='lat' dir='ltr'>tinum,</span> <span class='ocrx_word' id='word_1_50' title='bbox 210 764 342 842; x_wconf 89' lang='lat' dir='ltr'>Augusta</span> <span class='ocrx_word' id='word_1_51' title='bbox 359 763 593 843; x_wconf 88' lang='lat' dir='ltr'>Vagienuorum,</span> <span class='ocrx_word' id='word_1_52' title='bbox 615 765 691 825; x_wconf 89' lang='lat' dir='ltr'>Alba</span> <span class='ocrx_word' id='word_1_53' title='bbox 708 765 862 844; x_wconf 90' lang='lat' dir='ltr'>Pompeia,</span> <span class='ocrx_word' id='word_1_54' title='bbox 879 764 985 842; x_wconf 88' lang='lat' dir='ltr'>Hasta,</span> <span class='ocrx_word' id='word_1_55' title='bbox 1001 765 1094 844; x_wconf 91' lang='lat' dir='ltr'>Aquis</span> 
     </span>
     <span class='ocr_line' id='line_1_8' title="bbox 88 847 1093 927; baseline 0.003 -21"><span class='ocrx_word' id='word_1_56' title='bbox 88 847 296 908; x_wconf 76' lang='lat' dir='ltr'>Statiellorum.</span> <span class='ocrx_word' id='word_1_57' title='bbox 327 847 406 908; x_wconf 88' lang='lat' dir='ltr'>llaec</span> <span class='ocrx_word' id='word_1_58' title='bbox 420 849 504 926; x_wconf 84' lang='lat' dir='ltr'>regio</span> <span class='ocrx_word' id='word_1_59' title='bbox 524 867 562 910; x_wconf 85' lang='lat' dir='ltr'>ex</span> <span class='ocrx_word' id='word_1_60' title='bbox 582 849 780 927; x_wconf 81' lang='lat' dir='ltr'>descriptione</span> <span class='ocrx_word' id='word_1_61' title='bbox 798 848 924 926; x_wconf 82' lang='lat' dir='ltr'>Augusti</span> <span class='ocrx_word' id='word_1_62' title='bbox 941 867 1016 908; x_wconf 91' lang='lat' dir='ltr'>nona</span> <span class='ocrx_word' id='word_1_63' title='bbox 1037 858 1093 910; x_wconf 90' lang='lat' dir='ltr'>est.</span> 
     </span>
     <span class='ocr_line' id='line_1_9' title="bbox 88 931 1096 1010; baseline 0 -19"><span class='ocrx_word' id='word_1_64' title='bbox 88 940 168 1009; x_wconf 88' lang='lat' dir='ltr'>patet</span> <span class='ocrx_word' id='word_1_65' title='bbox 189 950 241 993; x_wconf 91' lang='lat' dir='ltr'>ora</span> <span class='ocrx_word' id='word_1_66' title='bbox 261 931 398 1010; x_wconf 81' lang='lat' dir='ltr'>Liguriae</span> <span class='ocrx_word' id='word_1_67' title='bbox 417 937 494 994; x_wconf 88' lang='lat' dir='ltr'>iuter</span> <span class='ocrx_word' id='word_1_68' title='bbox 514 951 612 994; x_wconf 89' lang='lat' dir='ltr'>amnes</span> <span class='ocrx_word' id='word_1_69' title='bbox 629 933 738 994; x_wconf 91' lang='lat' dir='ltr'>Varum</span> <span class='ocrx_word' id='word_1_70' title='bbox 760 940 789 993; x_wconf 90' lang='lat' dir='ltr'>et</span> <span class='ocrx_word' id='word_1_71' title='bbox 813 931 938 993; x_wconf 84' lang='lat' dir='ltr'>Macram</span> <span class='ocrx_word' id='word_1_72' title='bbox 961 931 1053 992; x_wconf 91' lang='lat' dir='ltr'>CCXl</span> <span class='ocrx_word' id='word_1_73' title='bbox 1067 931 1096 991; x_wconf 87' lang='lat' dir='ltr'>lll</span> 
     </span>
     <span class='ocr_line' id='line_1_10' title="bbox 89 1035 233 1095; baseline 0.007 -20"><span class='ocrx_word' id='word_1_74' title='bbox 89 1035 233 1095; x_wconf 89' lang='lat' dir='ltr'>passuum.</span> 
     </span>
    </p>

    <p class='ocr_par' dir='ltr' id='par_1_3' title="bbox 55 1098 1151 1515">
     <span class='ocr_line' id='line_1_11' title="bbox 55 1098 1151 1202; baseline -0.002 -41"><span class='ocrx_word' id='word_1_75' title='bbox 55 1124 78 1162; x_wconf 89' lang='lat' dir='ltr'>m</span> <span class='ocrx_word' id='word_1_76' title='bbox 150 1098 211 1202; x_wconf 89' lang='lat'><em>(8.)</em></span> <span class='ocrx_word' id='word_1_77' title='bbox 226 1100 399 1163; x_wconf 90' lang='lat' dir='ltr'>Aduectitur</span> <span class='ocrx_word' id='word_1_78' title='bbox 413 1103 552 1181; x_wconf 88' lang='lat' dir='ltr'>septima,</span> <span class='ocrx_word' id='word_1_79' title='bbox 569 1103 598 1162; x_wconf 90' lang='lat' dir='ltr'>in</span> <span class='ocrx_word' id='word_1_80' title='bbox 613 1121 669 1182; x_wconf 87' lang='lat' dir='ltr'>qua</span> <span class='ocrx_word' id='word_1_81' title='bbox 688 1100 804 1163; x_wconf 85' lang='lat' dir='ltr'>Etruria</span> <span class='ocrx_word' id='word_1_82' title='bbox 819 1111 865 1162; x_wconf 90' lang='lat' dir='ltr'>est</span> <span class='ocrx_word' id='word_1_83' title='bbox 883 1102 919 1163; x_wconf 91' lang='lat' dir='ltr'>ab</span> <span class='ocrx_word' id='word_1_84' title='bbox 935 1121 1019 1163; x_wconf 89' lang='lat' dir='ltr'>amne</span> <span class='ocrx_word' id='word_1_85' title='bbox 1035 1101 1092 1163; x_wconf 86' lang='grc'>1115-</span> <span class='ocrx_word' id='word_1_86' title='bbox 1103 1100 1151 1160; x_wconf 77' lang='lat' dir='ltr'>bd</span> 
     </span>
     <span class='ocr_line' id='line_1_12' title="bbox 88 1184 1095 1284; baseline 0.001 -39"><span class='ocrx_word' id='word_1_87' title='bbox 88 1204 152 1262; x_wconf 89' lang='lat' dir='ltr'>cra,</span> <span class='ocrx_word' id='word_1_88' title='bbox 173 1187 237 1284; x_wconf 91' lang='lat' dir='ltr'>ipsa</span> <span class='ocrx_word' id='word_1_89' title='bbox 255 1189 370 1248; x_wconf 90' lang='lat' dir='ltr'>mutatis</span> <span class='ocrx_word' id='word_1_90' title='bbox 392 1205 483 1265; x_wconf 89' lang='lat' dir='ltr'>saepe</span> <span class='ocrx_word' id='word_1_91' title='bbox 505 1187 679 1247; x_wconf 91' lang='lat' dir='ltr'>nominibus.</span> <span class='ocrx_word' id='word_1_92' title='bbox 724 1184 850 1246; x_wconf 92' lang='lat' dir='ltr'>Umbros</span> <span class='ocrx_word' id='word_1_93' title='bbox 873 1186 941 1247; x_wconf 91' lang='lat' dir='ltr'>inde</span> <span class='ocrx_word' id='word_1_94' title='bbox 963 1204 1095 1263; x_wconf 83' lang='lat' dir='ltr'>exegere</span> 
     </span>
     <span class='ocr_line' id='line_1_13' title="bbox 88 1268 1097 1348; baseline -0.001 -19"><span class='ocrx_word' id='word_1_95' title='bbox 88 1270 244 1347; x_wconf 89' lang='lat' dir='ltr'>antiquitus</span> <span class='ocrx_word' id='word_1_96' title='bbox 260 1270 393 1348; x_wconf 84' lang='lat' dir='ltr'>Pelasgi,</span> <span class='ocrx_word' id='word_1_97' title='bbox 409 1269 464 1329; x_wconf 92' lang='lat' dir='ltr'>bos</span> <span class='ocrx_word' id='word_1_98' title='bbox 478 1268 565 1346; x_wconf 76' lang='lat' dir='ltr'>bpdi,</span> <span class='ocrx_word' id='word_1_99' title='bbox 582 1287 598 1329; x_wconf 90' lang='lat' dir='ltr'>a</span> <span class='ocrx_word' id='word_1_100' title='bbox 620 1287 742 1347; x_wconf 87' lang='lat' dir='ltr'>quorum</span> <span class='ocrx_word' id='word_1_101' title='bbox 762 1288 834 1346; x_wconf 89' lang='lat' dir='ltr'>rege</span> <span class='ocrx_word' id='word_1_102' title='bbox 853 1268 1014 1347; x_wconf 78' lang='lat' dir='ltr'>Tyrrheni,</span> <span class='ocrx_word' id='word_1_103' title='bbox 1028 1287 1097 1329; x_wconf 85' lang='lat' dir='ltr'>mox</span> 
     </span>
     <span class='ocr_line' id='line_1_14' title="bbox 88 1352 1093 1430; baseline 0 -18"><span class='ocrx_word' id='word_1_104' title='bbox 88 1353 253 1412; x_wconf 89' lang='lat' dir='ltr'>asaorilico</span> <span class='ocrx_word' id='word_1_105' title='bbox 275 1354 333 1413; x_wconf 90' lang='lat' dir='ltr'>ritu</span> <span class='ocrx_word' id='word_1_106' title='bbox 354 1354 451 1429; x_wconf 91' lang='lat' dir='ltr'>lingua</span> <span class='ocrx_word' id='word_1_107' title='bbox 468 1352 645 1413; x_wconf 89' lang='lat' dir='ltr'>Graecorum</span> <span class='ocrx_word' id='word_1_108' title='bbox 667 1352 774 1412; x_wconf 86' lang='lat' dir='ltr'>Thusci</span> <span class='ocrx_word' id='word_1_109' title='bbox 797 1361 863 1413; x_wconf 88' lang='lat' dir='ltr'>sunt</span> <span class='ocrx_word' id='word_1_110' title='bbox 889 1356 1093 1430; x_wconf 82' lang='lat' dir='ltr'>eognominati.</span> 
     </span>
     <span class='ocr_line' id='line_1_15' title="bbox 89 1434 1096 1515; baseline 0.001 -19"><span class='ocrx_word' id='word_1_111' title='bbox 89 1437 211 1496; x_wconf 90' lang='lat' dir='ltr'>Primum</span> <span class='ocrx_word' id='word_1_112' title='bbox 234 1434 370 1497; x_wconf 86' lang='lat' dir='ltr'>Etruriae</span> <span class='ocrx_word' id='word_1_113' title='bbox 392 1435 528 1514; x_wconf 91' lang='lat' dir='ltr'>oppidum</span> <span class='ocrx_word' id='word_1_114' title='bbox 548 1436 626 1496; x_wconf 85' lang='lat' dir='ltr'>buna</span> <span class='ocrx_word' id='word_1_115' title='bbox 642 1445 728 1515; x_wconf 91' lang='lat' dir='ltr'>portu</span> <span class='ocrx_word' id='word_1_116' title='bbox 747 1435 866 1512; x_wconf 91' lang='lat' dir='ltr'>nobile,</span> <span class='ocrx_word' id='word_1_117' title='bbox 888 1438 1003 1497; x_wconf 91' lang='lat' dir='ltr'>colonia</span> <span class='ocrx_word' id='word_1_118' title='bbox 1020 1436 1096 1497; x_wconf 81' lang='lat' dir='ltr'>buca</span> 
     </span>
    </p>

    <p class='ocr_par' dir='ltr' id='par_1_4' title="bbox 54 1519 1138 1935">
     <span class='ocr_line' id='line_1_16' title="bbox 54 1519 1097 1598; baseline -0.001 -19"><span class='ocrx_word' id='word_1_119' title='bbox 54 1539 105 1580; x_wconf 82' lang='lat' dir='ltr'>ma</span> <span class='ocrx_word' id='word_1_120' title='bbox 126 1522 196 1580; x_wconf 92' lang='lat' dir='ltr'>mari</span> <span class='ocrx_word' id='word_1_121' title='bbox 218 1520 361 1581; x_wconf 84' lang='lat' dir='ltr'>recedens</span> <span class='ocrx_word' id='word_1_122' title='bbox 383 1521 563 1598; x_wconf 88' lang='lat' dir='ltr'>propiorque</span> <span class='ocrx_word' id='word_1_123' title='bbox 583 1519 668 1581; x_wconf 89' lang='lat' dir='ltr'>Pisae</span> <span class='ocrx_word' id='word_1_124' title='bbox 686 1524 763 1580; x_wconf 91' lang='lat' dir='ltr'>inter</span> <span class='ocrx_word' id='word_1_125' title='bbox 784 1538 882 1580; x_wconf 89' lang='lat' dir='ltr'>amnes</span> <span class='ocrx_word' id='word_1_126' title='bbox 898 1521 1043 1579; x_wconf 88' lang='lat' dir='ltr'>Auserem</span> <span class='ocrx_word' id='word_1_127' title='bbox 1066 1530 1097 1580; x_wconf 87' lang='lat' dir='ltr'>et</span> 
     </span>
     <span class='ocr_line' id='line_1_17' title="bbox 89 1602 1095 1682; baseline 0 -19"><span class='ocrx_word' id='word_1_128' title='bbox 89 1604 197 1664; x_wconf 91' lang='lat' dir='ltr'>Arnum</span> <span class='ocrx_word' id='word_1_129' title='bbox 210 1613 292 1665; x_wconf 90' lang='lat' dir='ltr'>ortae</span> <span class='ocrx_word' id='word_1_130' title='bbox 304 1623 319 1664; x_wconf 92' lang='lat' dir='ltr'>a</span> <span class='ocrx_word' id='word_1_131' title='bbox 332 1603 442 1682; x_wconf 88' lang='lat' dir='ltr'>Pelope</span> <span class='ocrx_word' id='word_1_132' title='bbox 456 1603 590 1682; x_wconf 90' lang='lat' dir='ltr'>Pisisque</span> <span class='ocrx_word' id='word_1_133' title='bbox 606 1605 669 1664; x_wconf 90' lang='lat' dir='ltr'>sive</span> <span class='ocrx_word' id='word_1_134' title='bbox 682 1623 698 1664; x_wconf 92' lang='lat' dir='ltr'>a</span> <span class='ocrx_word' id='word_1_135' title='bbox 711 1603 862 1682; x_wconf 85' lang='lat' dir='ltr'>Teutanis,</span> <span class='ocrx_word' id='word_1_136' title='bbox 874 1602 983 1663; x_wconf 89' lang='lat' dir='ltr'>Graeca</span> <span class='ocrx_word' id='word_1_137' title='bbox 994 1613 1095 1680; x_wconf 91' lang='lat' dir='ltr'>gente.</span> 
     </span>
     <span class='ocr_line' id='line_1_18' title="bbox 90 1686 1097 1767; baseline -0.002 -20"><span class='ocrx_word' id='word_1_138' title='bbox 90 1688 170 1748; x_wconf 88' lang='lat' dir='ltr'>Vada</span> <span class='ocrx_word' id='word_1_139' title='bbox 186 1688 391 1765; x_wconf 88' lang='lat' dir='ltr'>Volaterrana,</span> <span class='ocrx_word' id='word_1_140' title='bbox 411 1686 515 1747; x_wconf 87' lang='lat' dir='ltr'>duvios</span> <span class='ocrx_word' id='word_1_141' title='bbox 538 1686 674 1765; x_wconf 88' lang='lat' dir='ltr'>Caecina,</span> <span class='ocrx_word' id='word_1_142' title='bbox 689 1687 893 1767; x_wconf 90' lang='lat' dir='ltr'>Populonium,</span> <span class='ocrx_word' id='word_1_143' title='bbox 908 1686 1097 1747; x_wconf 90' lang='lat' dir='ltr'>Etruscorum</span> 
     </span>
     <span class='ocr_line' id='line_1_19' title="bbox 90 1769 1138 1850; baseline -0.001 -20"><span class='ocrx_word' id='word_1_144' title='bbox 90 1771 232 1850; x_wconf 88' lang='lat' dir='ltr'>qnondam</span> <span class='ocrx_word' id='word_1_145' title='bbox 247 1771 304 1832; x_wconf 90' lang='lat' dir='ltr'>boc</span> <span class='ocrx_word' id='word_1_146' title='bbox 319 1781 426 1833; x_wconf 91' lang='lat' dir='ltr'>tautum</span> <span class='ocrx_word' id='word_1_147' title='bbox 442 1773 472 1831; x_wconf 95' lang='lat' dir='ltr'>in</span> <span class='ocrx_word' id='word_1_148' title='bbox 483 1771 580 1832; x_wconf 90' lang='lat' dir='ltr'>litore.</span> <span class='ocrx_word' id='word_1_149' title='bbox 603 1771 670 1832; x_wconf 88' lang='lat' dir='ltr'>bine</span> <span class='ocrx_word' id='word_1_150' title='bbox 684 1790 783 1833; x_wconf 90' lang='lat' dir='ltr'>amnes</span> <span class='ocrx_word' id='word_1_151' title='bbox 794 1771 884 1848; x_wconf 84' lang='lat' dir='ltr'>Prile,</span> <span class='ocrx_word' id='word_1_152' title='bbox 906 1788 975 1829; x_wconf 88' lang='lat' dir='ltr'>mox</span> <span class='ocrx_word' id='word_1_153' title='bbox 986 1769 1096 1830; x_wconf 85' lang='lat' dir='ltr'>Vmbro</span> <span class='ocrx_word' id='word_1_154' title='bbox 1106 1777 1138 1828; x_wconf 81' lang='lat'>51</span> 
     </span>
     <span class='ocr_line' id='line_1_20' title="bbox 85 1854 1098 1935; baseline 0.001 -21"><span class='ocrx_word' id='word_1_155' title='bbox 85 1855 269 1931; x_wconf 81' lang='lat' dir='ltr'>&#39;navigiorum</span> <span class='ocrx_word' id='word_1_156' title='bbox 287 1874 394 1935; x_wconf 86' lang='lat' dir='ltr'>capax,</span> <span class='ocrx_word' id='word_1_157' title='bbox 412 1863 443 1915; x_wconf 91' lang='lat' dir='ltr'>et</span> <span class='ocrx_word' id='word_1_158' title='bbox 463 1855 499 1915; x_wconf 93' lang='lat' dir='ltr'>ab</span> <span class='ocrx_word' id='word_1_159' title='bbox 524 1873 561 1916; x_wconf 88' lang='lat' dir='ltr'>eo</span> <span class='ocrx_word' id='word_1_160' title='bbox 585 1863 693 1916; x_wconf 88' lang='lat' dir='ltr'>tractus</span> <span class='ocrx_word' id='word_1_161' title='bbox 709 1854 846 1916; x_wconf 87' lang='lat' dir='ltr'>Umbriae</span> <span class='ocrx_word' id='word_1_162' title='bbox 863 1863 1024 1933; x_wconf 89' lang='lat' dir='ltr'>portusque</span> <span class='ocrx_word' id='word_1_163' title='bbox 1043 1854 1098 1915; x_wconf 86' lang='lat' dir='ltr'>Fe-</span> 
     </span>
    </p>

    <p class='ocr_par' dir='ltr' id='par_1_5' title="bbox 54 1935 1187 2354">
     <span class='ocr_line' id='line_1_21' title="bbox 54 1935 1097 2019; baseline 0.002 -23"><span class='ocrx_word' id='word_1_164' title='bbox 54 1958 80 1996; x_wconf 81' lang='lat' dir='ltr'>ao</span> <span class='ocrx_word' id='word_1_165' title='bbox 91 1939 177 2016; x_wconf 87' lang='lat' dir='ltr'>lamo,</span> <span class='ocrx_word' id='word_1_166' title='bbox 193 1936 270 1998; x_wconf 92' lang='lat' dir='ltr'>Cosa</span> <span class='ocrx_word' id='word_1_167' title='bbox 281 1939 477 2000; x_wconf 87' lang='lat' dir='ltr'>Voloientium</span> <span class='ocrx_word' id='word_1_168' title='bbox 488 1957 504 1999; x_wconf 89' lang='lat' dir='ltr'>a</span> <span class='ocrx_word' id='word_1_169' title='bbox 517 1939 626 2019; x_wconf 90' lang='lat' dir='ltr'>populo</span> <span class='ocrx_word' id='word_1_170' title='bbox 639 1939 769 2000; x_wconf 86' lang='lat' dir='ltr'>Remauo</span> <span class='ocrx_word' id='word_1_171' title='bbox 781 1938 915 2016; x_wconf 87' lang='lat' dir='ltr'>deducta,</span> <span class='ocrx_word' id='word_1_172' title='bbox 928 1935 1097 2015; x_wconf 85' lang='lat' dir='ltr'>Graviscae,</span> 
     </span>
     <span class='ocr_line' id='line_1_22' title="bbox 91 2019 1097 2102; baseline 0.001 -21"><span class='ocrx_word' id='word_1_173' title='bbox 91 2019 223 2082; x_wconf 81' lang='lat' dir='ltr'>Castrum</span> <span class='ocrx_word' id='word_1_174' title='bbox 245 2022 376 2100; x_wconf 90' lang='lat' dir='ltr'>Novum,</span> <span class='ocrx_word' id='word_1_175' title='bbox 399 2023 505 2102; x_wconf 75' lang='lat' dir='ltr'>Pyrgi,</span> <span class='ocrx_word' id='word_1_176' title='bbox 531 2022 711 2084; x_wconf 74' lang='lat' dir='ltr'>caeretanus</span> <span class='ocrx_word' id='word_1_177' title='bbox 733 2023 822 2082; x_wconf 86' lang='lat' dir='ltr'>amuis</span> <span class='ocrx_word' id='word_1_178' title='bbox 841 2031 872 2083; x_wconf 92' lang='lat' dir='ltr'>et</span> <span class='ocrx_word' id='word_1_179' title='bbox 892 2024 986 2102; x_wconf 90' lang='lat' dir='ltr'>ipsum</span> <span class='ocrx_word' id='word_1_180' title='bbox 1003 2021 1097 2082; x_wconf 84' lang='lat' dir='ltr'>Caere</span> 
     </span>
     <span class='ocr_line' id='line_1_23' title="bbox 89 2104 1187 2187; baseline 0 -21"><span class='ocrx_word' id='word_1_181' title='bbox 89 2109 165 2166; x_wconf 92' lang='lat' dir='ltr'>intus</span> <span class='ocrx_word' id='word_1_182' title='bbox 192 2106 221 2166; x_wconf 88' lang='lat' dir='ltr'><strong><em>M</em></strong></span> <span class='ocrx_word' id='word_1_183' title='bbox 247 2126 380 2187; x_wconf 87' lang='lat' dir='ltr'>passuum</span> <span class='ocrx_word' id='word_1_184' title='bbox 396 2107 510 2167; x_wconf 90' lang='lat' dir='ltr'>VllA</span> <span class='ocrx_word' id='word_1_185' title='bbox 483 2104 591 2184; x_wconf 78' lang='lat' dir='ltr'>Aplla</span> <span class='ocrx_word' id='word_1_186' title='bbox 619 2126 635 2167; x_wconf 90' lang='lat' dir='ltr'>a</span> <span class='ocrx_word' id='word_1_187' title='bbox 662 2106 796 2184; x_wconf 82' lang='lat' dir='ltr'>Pelasgis</span> <span class='ocrx_word' id='word_1_188' title='bbox 826 2107 1025 2168; x_wconf 88' lang='lat' dir='ltr'>conditoribus</span> <span class='ocrx_word' id='word_1_189' title='bbox 1057 2107 1097 2167; x_wconf 93' lang='lat' dir='ltr'>di·</span> <span class='ocrx_word' id='word_1_190' title='bbox 1185 2128 1187 2133; x_wconf 94' lang='lat'>·</span> 
     </span>
     <span class='ocr_line' id='line_1_24' title="bbox 89 2128 1098 2269; baseline -0.001 -17"><span class='ocrx_word' id='word_1_191' title='bbox 89 2201 176 2269; x_wconf 89' lang='lat' dir='ltr'>ctum,</span> <span class='ocrx_word' id='word_1_192' title='bbox 191 2191 314 2269; x_wconf 79' lang='lat' dir='ltr'>Alsium,</span> <span class='ocrx_word' id='word_1_193' title='bbox 327 2190 492 2269; x_wconf 85' lang='lat' dir='ltr'>Fregenae,</span> <span class='ocrx_word' id='word_1_194' title='bbox 533 2128 626 2251; x_wconf 72' lang='lat' dir='ltr'>Yberis</span> <span class='ocrx_word' id='word_1_195' title='bbox 645 2193 734 2252; x_wconf 91' lang='lat' dir='ltr'>amnis</span> <span class='ocrx_word' id='word_1_196' title='bbox 747 2210 762 2251; x_wconf 93' lang='lat' dir='ltr'>a</span> <span class='ocrx_word' id='word_1_197' title='bbox 774 2189 871 2252; x_wconf 86' lang='lat' dir='ltr'>blacra</span> <span class='ocrx_word' id='word_1_198' title='bbox 886 2187 1098 2251; x_wconf 86' lang='lat' dir='ltr'>CCLXXXllll</span> 
     </span>
     <span class='ocr_line' id='line_1_25' title="bbox 89 2274 1097 2354; baseline 0 -21"><span class='ocrx_word' id='word_1_199' title='bbox 89 2274 119 2333; x_wconf 83' lang='lat' dir='ltr'>bl</span> <span class='ocrx_word' id='word_1_200' title='bbox 144 2294 218 2353; x_wconf 88' lang='lat' dir='ltr'>pass.</span> <span class='ocrx_word' id='word_1_201' title='bbox 260 2278 336 2335; x_wconf 88' lang='lat' dir='ltr'>intus</span> <span class='ocrx_word' id='word_1_202' title='bbox 360 2276 495 2335; x_wconf 86' lang='lat' dir='ltr'>coloniae</span> <span class='ocrx_word' id='word_1_203' title='bbox 518 2275 633 2336; x_wconf 88' lang='lat' dir='ltr'>Falisca</span> <span class='ocrx_word' id='word_1_204' title='bbox 656 2275 745 2353; x_wconf 88' lang='lat' dir='ltr'>Argis</span> <span class='ocrx_word' id='word_1_205' title='bbox 769 2285 834 2335; x_wconf 89' lang='lat' dir='ltr'>orta</span> <span class='ocrx_word' id='word_1_206' title='bbox 857 2275 904 2354; x_wconf 90' lang='lat' dir='ltr'>(ut</span> <span class='ocrx_word' id='word_1_207' title='bbox 925 2283 1027 2335; x_wconf 89' lang='lat' dir='ltr'>auctor</span> <span class='ocrx_word' id='word_1_208' title='bbox 1050 2284 1097 2335; x_wconf 91' lang='lat' dir='ltr'>est</span> 
     </span>
    </p>

    <p class='ocr_par' dir='ltr' id='par_1_6' title="bbox 56 2356 1162 2770">
     <span class='ocr_line' id='line_1_26' title="bbox 56 2356 1162 2436; baseline 0.003 -22"><span class='ocrx_word' id='word_1_209' title='bbox 56 2376 81 2415; x_wconf 83' lang='grc'>55</span> <span class='ocrx_word' id='word_1_210' title='bbox 92 2356 180 2435; x_wconf 90' lang='lat' dir='ltr'>Cato)</span> <span class='ocrx_word' id='word_1_211' title='bbox 197 2376 269 2436; x_wconf 89' lang='lat' dir='ltr'>quae</span> <span class='ocrx_word' id='word_1_212' title='bbox 286 2361 506 2434; x_wconf 90' lang='lat' dir='ltr'>cognominatur</span> <span class='ocrx_word' id='word_1_213' title='bbox 528 2357 733 2435; x_wconf 87' lang='lat' dir='ltr'>Etruscorum,</span> <span class='ocrx_word' id='word_1_214' title='bbox 750 2357 844 2418; x_wconf 87' lang='lat' dir='ltr'>Lucus</span> <span class='ocrx_word' id='word_1_215' title='bbox 863 2358 1025 2434; x_wconf 83' lang='lat' dir='ltr'>Feroniae,</span> <span class='ocrx_word' id='word_1_216' title='bbox 1041 2357 1098 2417; x_wconf 89' lang='lat' dir='ltr'>Ru·</span> <span class='ocrx_word' id='word_1_217' title='bbox 1160 2398 1162 2403; x_wconf 92' lang='lat'>-</span> 
     </span>
     <span class='ocr_line' id='line_1_27' title="bbox 92 2439 1141 2517; baseline -0.001 -19"><span class='ocrx_word' id='word_1_218' title='bbox 92 2440 213 2514; x_wconf 82' lang='lat' dir='ltr'>sellaria,</span> <span class='ocrx_word' id='word_1_219' title='bbox 229 2440 390 2517; x_wconf 79' lang='lat' dir='ltr'>seniensis,</span> <span class='ocrx_word' id='word_1_220' title='bbox 407 2439 531 2499; x_wconf 90' lang='lat' dir='ltr'>Sutriua.</span> <span class='ocrx_word' id='word_1_221' title='bbox 561 2441 597 2500; x_wconf 91' lang='lat' dir='ltr'>de</span> <span class='ocrx_word' id='word_1_222' title='bbox 615 2450 716 2501; x_wconf 86' lang='lat' dir='ltr'>cetero</span> <span class='ocrx_word' id='word_1_223' title='bbox 733 2440 864 2501; x_wconf 89' lang='lat' dir='ltr'>Arretini</span> <span class='ocrx_word' id='word_1_224' title='bbox 880 2440 1027 2517; x_wconf 89' lang='lat' dir='ltr'>Veteres,</span> <span class='ocrx_word' id='word_1_225' title='bbox 1042 2439 1096 2499; x_wconf 91' lang='lat' dir='ltr'>Ar·</span> <span class='ocrx_word' id='word_1_226' title='bbox 1107 2450 1141 2498; x_wconf 79' lang='lat'>52</span> 
     </span>
     <span class='ocr_line' id='line_1_28' title="bbox 91 2522 1099 2601; baseline 0 -19"><span class='ocrx_word' id='word_1_227' title='bbox 91 2524 177 2582; x_wconf 89' lang='lat' dir='ltr'>retini</span> <span class='ocrx_word' id='word_1_228' title='bbox 192 2522 389 2598; x_wconf 85' lang='lat' dir='ltr'>Fidentiores,</span> <span class='ocrx_word' id='word_1_229' title='bbox 405 2523 535 2582; x_wconf 91' lang='lat' dir='ltr'>Arretini</span> <span class='ocrx_word' id='word_1_230' title='bbox 550 2522 706 2600; x_wconf 88' lang='lat' dir='ltr'>Iulienses,</span> <span class='ocrx_word' id='word_1_231' title='bbox 722 2523 932 2600; x_wconf 90' lang='lat' dir='ltr'>Amitiuenses,</span> <span class='ocrx_word' id='word_1_232' title='bbox 948 2527 1099 2601; x_wconf 88' lang='lat' dir='ltr'>Aquenses</span> 
     </span>
     <span class='ocr_line' id='line_1_29' title="bbox 91 2604 1099 2686; baseline 0 -20"><span class='ocrx_word' id='word_1_233' title='bbox 91 2607 264 2682; x_wconf 86' lang='lat' dir='ltr'>cognomine</span> <span class='ocrx_word' id='word_1_234' title='bbox 277 2604 551 2683; x_wconf 82' lang='lat' dir='ltr'>Taurini,·Blerani,</span> <span class='ocrx_word' id='word_1_235' title='bbox 565 2604 778 2684; x_wconf 80' lang='lat' dir='ltr'>Cortonenses,</span> <span class='ocrx_word' id='word_1_236' title='bbox 795 2606 971 2686; x_wconf 86' lang='lat' dir='ltr'>Capenates,</span> <span class='ocrx_word' id='word_1_237' title='bbox 990 2605 1099 2667; x_wconf 92' lang='lat' dir='ltr'>Clusini</span> 
     </span>
     <span class='ocr_line' id='line_1_30' title="bbox 91 2688 1099 2770; baseline 0.001 -22"><span class='ocrx_word' id='word_1_238' title='bbox 91 2689 183 2767; x_wconf 88' lang='lat' dir='ltr'>Novi,</span> <span class='ocrx_word' id='word_1_239' title='bbox 200 2688 310 2749; x_wconf 89' lang='lat' dir='ltr'>Clusini</span> <span class='ocrx_word' id='word_1_240' title='bbox 329 2690 474 2766; x_wconf 85' lang='lat' dir='ltr'>Veteres,</span> <span class='ocrx_word' id='word_1_241' title='bbox 491 2690 655 2751; x_wconf 81' lang='lat' dir='ltr'>Florentiui</span> <span class='ocrx_word' id='word_1_242' title='bbox 673 2691 848 2770; x_wconf 89' lang='lat' dir='ltr'>praefluenti</span> <span class='ocrx_word' id='word_1_243' title='bbox 863 2691 945 2752; x_wconf 90' lang='lat' dir='ltr'>Arno</span> <span class='ocrx_word' id='word_1_244' title='bbox 962 2691 1099 2769; x_wconf 90' lang='lat' dir='ltr'>adpositi,</span> 
     </span>
    </p>

    <p class='ocr_par' dir='ltr' id='par_1_7' title="bbox 56 2772 1100 3189">
     <span class='ocr_line' id='line_1_31' title="bbox 56 2772 1099 2852; baseline -0.003 -17"><span class='ocrx_word' id='word_1_245' title='bbox 56 2795 82 2835; x_wconf 79' lang='lat' dir='ltr'>ao</span> <span class='ocrx_word' id='word_1_246' title='bbox 92 2772 245 2849; x_wconf 89' lang='lat' dir='ltr'>Faesulae,</span> <span class='ocrx_word' id='word_1_247' title='bbox 261 2772 460 2852; x_wconf 89' lang='lat' dir='ltr'>Ferentinum,</span> <span class='ocrx_word' id='word_1_248' title='bbox 474 2773 650 2852; x_wconf 88' lang='lat' dir='ltr'>Fesceuuia,</span> <span class='ocrx_word' id='word_1_249' title='bbox 664 2773 833 2851; x_wconf 90' lang='lat' dir='ltr'>Hortauum,</span> <span class='ocrx_word' id='word_1_250' title='bbox 849 2773 1025 2852; x_wconf 88' lang='lat' dir='ltr'>Herbanum,</span> <span class='ocrx_word' id='word_1_251' title='bbox 1041 2773 1099 2833; x_wconf 90' lang='lat' dir='ltr'>Ne-</span> 
     </span>
     <span class='ocr_line' id='line_1_32' title="bbox 92 2855 1100 2936; baseline 0 -20"><span class='ocrx_word' id='word_1_252' title='bbox 92 2865 159 2934; x_wconf 89' lang='lat' dir='ltr'>pet,</span> <span class='ocrx_word' id='word_1_253' title='bbox 175 2855 290 2916; x_wconf 88' lang='lat' dir='ltr'>Norem</span> <span class='ocrx_word' id='word_1_254' title='bbox 304 2855 393 2935; x_wconf 90' lang='lat' dir='ltr'>Pagi,</span> <span class='ocrx_word' id='word_1_255' title='bbox 409 2856 598 2919; x_wconf 86' lang='lat' dir='ltr'>Praefectura</span> <span class='ocrx_word' id='word_1_256' title='bbox 614 2857 733 2919; x_wconf 90' lang='lat' dir='ltr'>Claudia</span> <span class='ocrx_word' id='word_1_257' title='bbox 747 2858 916 2936; x_wconf 89' lang='lat' dir='ltr'>Foroclodi,</span> <span class='ocrx_word' id='word_1_258' title='bbox 933 2857 1100 2935; x_wconf 89' lang='lat' dir='ltr'>Pistorium,</span> 
     </span>
     <span class='ocr_line' id='line_1_33' title="bbox 92 2940 1099 3022; baseline 0.004 -24"><span class='ocrx_word' id='word_1_259' title='bbox 92 2941 229 3016; x_wconf 90' lang='lat' dir='ltr'>Perusia,</span> <span class='ocrx_word' id='word_1_260' title='bbox 253 2940 438 3019; x_wconf 78' lang='lat' dir='ltr'>suanenses,</span> <span class='ocrx_word' id='word_1_261' title='bbox 456 2941 601 3004; x_wconf 85' lang='lat' dir='ltr'>Saturnini</span> <span class='ocrx_word' id='word_1_262' title='bbox 621 2945 668 3022; x_wconf 89' lang='lat' dir='ltr'>qui</span> <span class='ocrx_word' id='word_1_263' title='bbox 689 2952 774 3004; x_wconf 90' lang='lat' dir='ltr'>autea</span> <span class='ocrx_word' id='word_1_264' title='bbox 791 2943 894 3004; x_wconf 82' lang='lat' dir='ltr'>Aurini</span> <span class='ocrx_word' id='word_1_265' title='bbox 913 2943 1099 3008; x_wconf 76' lang='lat' dir='ltr'>vocabantur.</span> 
     </span>
     <span class='ocr_line' id='line_1_34' title="bbox 92 3024 1100 3105; baseline 0.006 -25"><span class='ocrx_word' id='word_1_266' title='bbox 92 3024 264 3097; x_wconf 87' lang='lat' dir='ltr'>Subertani,</span> <span class='ocrx_word' id='word_1_267' title='bbox 281 3024 437 3103; x_wconf 86' lang='lat' dir='ltr'>Statones,</span> <span class='ocrx_word' id='word_1_268' title='bbox 454 3025 700 3105; x_wconf 89' lang='lat' dir='ltr'>Tarquinienses,</span> <span class='ocrx_word' id='word_1_269' title='bbox 723 3027 936 3088; x_wconf 82' lang='lat' dir='ltr'>Poscanienses</span> <span class='ocrx_word' id='word_1_270' title='bbox 946 3069 957 3103; x_wconf 94' lang='lat'>,</span> <span class='ocrx_word' id='word_1_271' title='bbox 979 3026 1100 3086; x_wconf 90' lang='lat' dir='ltr'>Vetulo-</span> 
     </span>
     <span class='ocr_line' id='line_1_35' title="bbox 92 3107 1100 3189; baseline 0.007 -25"><span class='ocrx_word' id='word_1_272' title='bbox 92 3108 222 3183; x_wconf 88' lang='lat' dir='ltr'>nienses,</span> <span class='ocrx_word' id='word_1_273' title='bbox 239 3107 407 3187; x_wconf 90' lang='lat' dir='ltr'>Veientani,</span> <span class='ocrx_word' id='word_1_274' title='bbox 422 3109 588 3187; x_wconf 78' lang='lat' dir='ltr'>Vesontini,</span> <span class='ocrx_word' id='word_1_275' title='bbox 599 3109 798 3189; x_wconf 87' lang='lat' dir='ltr'>Volaterrani,</span> <span class='ocrx_word' id='word_1_276' title='bbox 810 3110 1100 3186; x_wconf 89' lang='lat' dir='ltr'>Voloeutauioogno·</span> 
     </span>
    </p>

    <p class='ocr_par' dir='ltr' id='par_1_8' title="bbox 56 3190 1101 3355">
     <span class='ocr_line' id='line_1_36' title="bbox 56 3190 1101 3274; baseline 0.005 -25"><span class='ocrx_word' id='word_1_277' title='bbox 56 3210 82 3250; x_wconf 79' lang='lat' dir='ltr'>as</span> <span class='ocrx_word' id='word_1_278' title='bbox 93 3192 169 3250; x_wconf 92' lang='lat' dir='ltr'>mine</span> <span class='ocrx_word' id='word_1_279' title='bbox 188 3190 322 3270; x_wconf 84' lang='lat' dir='ltr'>Etrusci,</span> <span class='ocrx_word' id='word_1_280' title='bbox 338 3192 554 3255; x_wconf 89' lang='lat' dir='ltr'>Volsinienses.</span> <span class='ocrx_word' id='word_1_281' title='bbox 588 3196 619 3254; x_wconf 90' lang='lat' dir='ltr'>in</span> <span class='ocrx_word' id='word_1_282' title='bbox 637 3195 739 3256; x_wconf 92' lang='lat' dir='ltr'>eadem</span> <span class='ocrx_word' id='word_1_283' title='bbox 759 3202 843 3274; x_wconf 89' lang='lat' dir='ltr'>parte</span> <span class='ocrx_word' id='word_1_284' title='bbox 866 3193 1038 3273; x_wconf 89' lang='lat' dir='ltr'>oppidorum</span> <span class='ocrx_word' id='word_1_285' title='bbox 1052 3213 1101 3254; x_wconf 85' lang='lat' dir='ltr'>vc·</span> 
     </span>
     <span class='ocr_line' id='line_1_37' title="bbox 93 3275 965 3355; baseline 0.008 -22"><span class='ocrx_word' id='word_1_286' title='bbox 93 3283 186 3335; x_wconf 88' lang='lat' dir='ltr'>terum</span> <span class='ocrx_word' id='word_1_287' title='bbox 202 3279 318 3336; x_wconf 90' lang='lat' dir='ltr'>numina</span> <span class='ocrx_word' id='word_1_288' title='bbox 333 3278 462 3338; x_wconf 90' lang='lat' dir='ltr'>retinent</span> <span class='ocrx_word' id='word_1_289' title='bbox 476 3279 537 3354; x_wconf 86' lang='lat' dir='ltr'>agri</span> <span class='ocrx_word' id='word_1_290' title='bbox 555 3275 766 3355; x_wconf 88' lang='lat' dir='ltr'>Crustuminus,</span> <span class='ocrx_word' id='word_1_291' title='bbox 784 3276 965 3340; x_wconf 89' lang='lat' dir='ltr'>Caletranus.</span> 
     </span>
    </p>

    <p class='ocr_par' dir='ltr' id='par_1_9' title="bbox 91 3358 1145 3526">
     <span class='ocr_line' id='line_1_38' title="bbox 159 3358 1145 3442; baseline 0.002 -21"><span class='ocrx_word' id='word_1_292' title='bbox 159 3358 221 3438; x_wconf 86' lang='lat'>(9.)</span> <span class='ocrx_word' id='word_1_293' title='bbox 240 3359 356 3420; x_wconf 89' lang='lat' dir='ltr'>Tiberis</span> <span class='ocrx_word' id='word_1_294' title='bbox 379 3370 463 3422; x_wconf 89' lang='lat' dir='ltr'>autea</span> <span class='ocrx_word' id='word_1_295' title='bbox 477 3360 602 3438; x_wconf 78' lang='lat' dir='ltr'>Thybris</span> <span class='ocrx_word' id='word_1_296' title='bbox 625 3362 789 3442; x_wconf 90' lang='lat' dir='ltr'>appellatas</span> <span class='ocrx_word' id='word_1_297' title='bbox 810 3371 841 3422; x_wconf 89' lang='lat' dir='ltr'>et</span> <span class='ocrx_word' id='word_1_298' title='bbox 859 3363 941 3442; x_wconf 90' lang='lat' dir='ltr'>prius</span> <span class='ocrx_word' id='word_1_299' title='bbox 959 3360 1064 3421; x_wconf 90' lang='lat' dir='ltr'>Albula</span> <span class='ocrx_word' id='word_1_300' title='bbox 1083 3370 1145 3423; x_wconf 79' lang='grc'>553</span> 
     </span>
     <span class='ocr_line' id='line_1_39' title="bbox 91 3442 1102 3526; baseline 0.004 -24"><span class='ocrx_word' id='word_1_301' title='bbox 91 3442 271 3504; x_wconf 79' lang='lat' dir='ltr'>mediatore</span> <span class='ocrx_word' id='word_1_302' title='bbox 296 3443 475 3523; x_wconf 86' lang='lat' dir='ltr'>longitudine</span> <span class='ocrx_word' id='word_1_303' title='bbox 492 3444 661 3526; x_wconf 85' lang='lat' dir='ltr'>Appennini</span> <span class='ocrx_word' id='word_1_304' title='bbox 685 3446 789 3506; x_wconf 85' lang='lat' dir='ltr'>linibus</span> <span class='ocrx_word' id='word_1_305' title='bbox 807 3444 1010 3507; x_wconf 88' lang='lat' dir='ltr'>Arretinorum</span> <span class='ocrx_word' id='word_1_306' title='bbox 1036 3464 1102 3524; x_wconf 93' lang='lat' dir='ltr'>pro·</span> 
     </span>
    </p>
   </div>
   <div class='ocr_carea' id='block_1_3' title="bbox 0 0 1206 3856">
    <p class='ocr_par' dir='ltr' id='par_1_10' title="bbox 0 0 1206 3856">
     <span class='ocr_line' id='line_1_40' title="bbox 0 0 1206 3856; baseline 0 0"><span class='ocrx_word' id='word_1_307' title='bbox 0 0 1206 3856; x_wconf 95' lang='lat' dir='ltr'> </span> 
     </span>
    </p>
   </div>
  </div>
 </body>
</html>
