<?xml version="1.0" encoding="UTF-8"?>
<!DOCTYPE html PUBLIC "-//W3C//DTD XHTML 1.0 Transitional//EN"
    "http://www.w3.org/TR/xhtml1/DTD/xhtml1-transitional.dtd">
<html xmlns="http://www.w3.org/1999/xhtml" xml:lang="en" lang="en">
 <head>
  <title>
</title>
<meta http-equiv="Content-Type" content="text/html;charset=utf-8" />
  <meta name='ocr-system' content='tesseract 3.04.00' />
  <meta name='ocr-capabilities' content='ocr_page ocr_carea ocr_par ocr_line ocrx_word'/>
</head>
<body>
  <div class='ocr_page' id='page_1' title='image "./cplinisecundina07plingoog_0339.png"; bbox 0 0 2400 3856; ppageno 0'>
   <div class='ocr_carea' id='block_1_1' title="bbox 103 172 763 237">
    <p class='ocr_par' dir='ltr' id='par_1_1' title="bbox 103 172 763 237">
     <span class='ocr_line' id='line_1_1' title="bbox 103 172 763 237; baseline -0.002 -2"><span class='ocrx_word' id='word_1_1' title='bbox 103 172 166 236; x_wconf 75' lang='lat'>252</span> <span class='ocrx_word' id='word_1_2' title='bbox 447 188 477 237; x_wconf 89' lang='lat' dir='ltr'>o.</span> <span class='ocrx_word' id='word_1_3' title='bbox 500 188 595 235; x_wconf 79' lang='lat' dir='ltr'>earm</span> <span class='ocrx_word' id='word_1_4' title='bbox 616 187 763 236; x_wconf 82' lang='lat' dir='ltr'>suouunr</span> 
     </span>
    </p>
   </div>
   <div class='ocr_carea' id='block_1_2' title="bbox 17 340 1152 3510">
    <p class='ocr_par' dir='ltr' id='par_1_2' title="bbox 104 340 1113 505">
     <span class='ocr_line' id='line_1_2' title="bbox 104 340 1113 421; baseline 0.004 -20"><span class='ocrx_word' id='word_1_5' title='bbox 104 342 231 420; x_wconf 93' lang='lat' dir='ltr'>populos</span> <span class='ocrx_word' id='word_1_6' title='bbox 251 343 303 402; x_wconf 90' lang='lat' dir='ltr'>sed</span> <span class='ocrx_word' id='word_1_7' title='bbox 319 342 447 402; x_wconf 81' lang='lat' dir='ltr'><strong>Arabum</strong></span> <span class='ocrx_word' id='word_1_8' title='bbox 463 362 530 404; x_wconf 91' lang='lat' dir='ltr'>esse</span> <span class='ocrx_word' id='word_1_9' title='bbox 549 342 618 403; x_wconf 87' lang='lat' dir='ltr'>dicit</span> <span class='ocrx_word' id='word_1_10' title='bbox 635 361 724 421; x_wconf 91' lang='lat' dir='ltr'>usque</span> <span class='ocrx_word' id='word_1_11' title='bbox 740 341 881 421; x_wconf 83' lang='lat' dir='ltr'>Meroen,</span> <span class='ocrx_word' id='word_1_12' title='bbox 902 340 981 402; x_wconf 90' lang='lat' dir='ltr'>Solis</span> <span class='ocrx_word' id='word_1_13' title='bbox 996 359 1113 421; x_wconf 85' lang='lat' dir='ltr'>quoque</span> 
     </span>
     <span class='ocr_line' id='line_1_3' title="bbox 107 425 1112 505; baseline 0.001 -22"><span class='ocrx_word' id='word_1_14' title='bbox 107 425 259 503; x_wconf 93' lang='lat' dir='ltr'>oppidum,</span> <span class='ocrx_word' id='word_1_15' title='bbox 280 427 357 504; x_wconf 87' lang='lat' dir='ltr'>quod</span> <span class='ocrx_word' id='word_1_16' title='bbox 380 445 438 486; x_wconf 90' lang='lat' dir='ltr'>nou</span> <span class='ocrx_word' id='word_1_17' title='bbox 455 426 558 505; x_wconf 92' lang='lat' dir='ltr'>procul</span> <span class='ocrx_word' id='word_1_18' title='bbox 572 425 698 504; x_wconf 82' lang='lat' dir='ltr'>Memphi</span> <span class='ocrx_word' id='word_1_19' title='bbox 715 427 743 484; x_wconf 91' lang='lat' dir='ltr'>iu</span> <span class='ocrx_word' id='word_1_20' title='bbox 758 425 888 505; x_wconf 86' lang='lat' dir='ltr'>Aegypti</span> <span class='ocrx_word' id='word_1_21' title='bbox 903 428 960 485; x_wconf 92' lang='lat' dir='ltr'>situ</span> <span class='ocrx_word' id='word_1_22' title='bbox 977 425 1112 504; x_wconf 86' lang='lat' dir='ltr'>diximus,</span> 
     </span>
    </p>

    <p class='ocr_par' dir='ltr' id='par_1_3' title="bbox 53 508 1142 841">
     <span class='ocr_line' id='line_1_4' title="bbox 53 508 1113 587; baseline 0.001 -20"><span class='ocrx_word' id='word_1_23' title='bbox 53 508 219 567; x_wconf 72' lang='lat' dir='ltr'>tttArabas</span> <span class='ocrx_word' id='word_1_24' title='bbox 245 511 414 570; x_wconf 89' lang='lat' dir='ltr'>conditores</span> <span class='ocrx_word' id='word_1_25' title='bbox 442 510 559 571; x_wconf 89' lang='lat' dir='ltr'>habere.</span> <span class='ocrx_word' id='word_1_26' title='bbox 604 519 669 569; x_wconf 91' lang='lat' dir='ltr'>sunt</span> <span class='ocrx_word' id='word_1_27' title='bbox 695 518 725 569; x_wconf 91' lang='lat' dir='ltr'>et</span> <span class='ocrx_word' id='word_1_28' title='bbox 752 510 799 587; x_wconf 90' lang='lat' dir='ltr'>qui</span> <span class='ocrx_word' id='word_1_29' title='bbox 827 510 996 569; x_wconf 84' lang='lat' dir='ltr'>ulteriorem</span> <span class='ocrx_word' id='word_1_30' title='bbox 1022 510 1113 587; x_wconf 88' lang='lat' dir='ltr'>ripam</span> 
     </span>
     <span class='ocr_line' id='line_1_5' title="bbox 105 590 1112 672; baseline 0.003 -22"><span class='ocrx_word' id='word_1_31' title='bbox 105 590 283 670; x_wconf 71' lang='lat' dir='ltr'>Aethiopiae</span> <span class='ocrx_word' id='word_1_32' title='bbox 305 595 436 654; x_wconf 90' lang='lat' dir='ltr'>aulerant</span> <span class='ocrx_word' id='word_1_33' title='bbox 455 594 666 672; x_wconf 70' lang='lat' dir='ltr'>adnectantque</span> <span class='ocrx_word' id='word_1_34' title='bbox 688 592 815 656; x_wconf 86' lang='lat' dir='ltr'>Africae.</span> <span class='ocrx_word' id='word_1_35' title='bbox 853 594 931 671; x_wconf 85' lang='lat' dir='ltr'>ripas</span> <span class='ocrx_word' id='word_1_36' title='bbox 954 601 1051 652; x_wconf 90' lang='lat' dir='ltr'>autem</span> <span class='ocrx_word' id='word_1_37' title='bbox 1073 594 1112 653; x_wconf 94' lang='lat' dir='ltr'>in-</span> 
     </span>
     <span class='ocr_line' id='line_1_6' title="bbox 105 675 1142 755; baseline 0.001 -20"><span class='ocrx_word' id='word_1_38' title='bbox 105 675 225 736; x_wconf 88' lang='lat' dir='ltr'>coluere</span> <span class='ocrx_word' id='word_1_39' title='bbox 249 686 371 755; x_wconf 91' lang='lat' dir='ltr'>propter</span> <span class='ocrx_word' id='word_1_40' title='bbox 388 696 498 755; x_wconf 89' lang='lat' dir='ltr'>aquam.</span> <span class='ocrx_word' id='word_1_41' title='bbox 534 696 588 738; x_wconf 92' lang='lat' dir='ltr'>nos</span> <span class='ocrx_word' id='word_1_42' title='bbox 610 677 714 737; x_wconf 90' lang='lat' dir='ltr'>relicto</span> <span class='ocrx_word' id='word_1_43' title='bbox 732 679 836 754; x_wconf 89' lang='lat' dir='ltr'>cuique</span> <span class='ocrx_word' id='word_1_44' title='bbox 858 675 1048 753; x_wconf 89' lang='lat' dir='ltr'>intellegendi</span> <span class='ocrx_word' id='word_1_45' title='bbox 1070 685 1142 736; x_wconf 74' lang='lat' dir='ltr'>art</span> 
     </span>
     <span class='ocr_line' id='line_1_7' title="bbox 105 759 1000 841; baseline -0.001 -22"><span class='ocrx_word' id='word_1_46' title='bbox 105 759 193 820; x_wconf 88' lang='lat' dir='ltr'>bitrio</span> <span class='ocrx_word' id='word_1_47' title='bbox 213 761 319 838; x_wconf 89' lang='lat' dir='ltr'>oppida</span> <span class='ocrx_word' id='word_1_48' title='bbox 337 781 394 841; x_wconf 91' lang='lat' dir='ltr'>quo</span> <span class='ocrx_word' id='word_1_49' title='bbox 412 762 560 822; x_wconf 89' lang='lat' dir='ltr'>traduntur</span> <span class='ocrx_word' id='word_1_50' title='bbox 577 760 677 820; x_wconf 88' lang='lat' dir='ltr'>ordine</span> <span class='ocrx_word' id='word_1_51' title='bbox 693 761 835 837; x_wconf 87' lang='lat' dir='ltr'>utrimque</span> <span class='ocrx_word' id='word_1_52' title='bbox 850 778 1000 837; x_wconf 90' lang='lat' dir='ltr'>ponemus.</span> 
     </span>
    </p>

    <p class='ocr_par' dir='ltr' id='par_1_4' title="bbox 54 840 1151 1422">
     <span class='ocr_line' id='line_1_8' title="bbox 54 840 1113 923; baseline -0.002 -20"><span class='ocrx_word' id='word_1_53' title='bbox 54 850 104 903; x_wconf 84' lang='grc'>178</span> <span class='ocrx_word' id='word_1_54' title='bbox 176 842 258 923; x_wconf 84' lang='grc'>(35.)</span> <span class='ocrx_word' id='word_1_55' title='bbox 284 844 310 903; x_wconf 91' lang='lat' dir='ltr'>A</span> <span class='ocrx_word' id='word_1_56' title='bbox 328 846 424 921; x_wconf 84' lang='lat' dir='ltr'>Syene</span> <span class='ocrx_word' id='word_1_57' title='bbox 447 854 477 905; x_wconf 90' lang='lat' dir='ltr'>ct</span> <span class='ocrx_word' id='word_1_58' title='bbox 497 847 576 923; x_wconf 89' lang='lat' dir='ltr'>prius</span> <span class='ocrx_word' id='word_1_59' title='bbox 597 843 725 903; x_wconf 80' lang='lat' dir='ltr'>Arabiae</span> <span class='ocrx_word' id='word_1_60' title='bbox 747 844 840 903; x_wconf 89' lang='lat' dir='ltr'>latere</span> <span class='ocrx_word' id='word_1_61' title='bbox 861 862 934 921; x_wconf 82' lang='lat' dir='ltr'>gens</span> <span class='ocrx_word' id='word_1_62' title='bbox 959 840 1113 921; x_wconf 81' lang='lat' dir='ltr'>Catadupi,</span> 
     </span>
     <span class='ocr_line' id='line_1_9' title="bbox 105 926 1113 1007; baseline 0.001 -21"><span class='ocrx_word' id='word_1_63' title='bbox 105 926 209 988; x_wconf 89' lang='lat' dir='ltr'>deinde</span> <span class='ocrx_word' id='word_1_64' title='bbox 233 929 389 1005; x_wconf 73' lang='lat' dir='ltr'>Syenitae,</span> <span class='ocrx_word' id='word_1_65' title='bbox 411 929 517 1007; x_wconf 92' lang='lat' dir='ltr'>oppida</span> <span class='ocrx_word' id='word_1_66' title='bbox 540 929 723 1005; x_wconf 83' lang='lat' dir='ltr'>Tacompson</span> <span class='ocrx_word' id='word_1_67' title='bbox 748 945 830 1005; x_wconf 86' lang='lat' dir='ltr'>quam</span> <span class='ocrx_word' id='word_1_68' title='bbox 851 926 964 1004; x_wconf 87' lang='lat' dir='ltr'>quidam</span> <span class='ocrx_word' id='word_1_69' title='bbox 984 927 1113 1004; x_wconf 88' lang='lat' dir='ltr'>appella·</span> 
     </span>
     <span class='ocr_line' id='line_1_10' title="bbox 104 1008 1112 1090; baseline 0 -21"><span class='ocrx_word' id='word_1_70' title='bbox 104 1020 209 1072; x_wconf 82' lang='lat' dir='ltr'>verunt</span> <span class='ocrx_word' id='word_1_71' title='bbox 230 1012 405 1090; x_wconf 91' lang='lat' dir='ltr'>Thathlceu,</span> <span class='ocrx_word' id='word_1_72' title='bbox 424 1012 573 1087; x_wconf 84' lang='lat' dir='ltr'>Aramum,</span> <span class='ocrx_word' id='word_1_73' title='bbox 591 1011 745 1087; x_wconf 90' lang='lat' dir='ltr'>Sesamos,</span> <span class='ocrx_word' id='word_1_74' title='bbox 768 1010 899 1087; x_wconf 90' lang='lat' dir='ltr'>Andura,</span> <span class='ocrx_word' id='word_1_75' title='bbox 923 1008 1112 1070; x_wconf 85' lang='lat' dir='ltr'>Masindoma·</span> 
     </span>
     <span class='ocr_line' id='line_1_11' title="bbox 105 1092 1151 1172; baseline 0.001 -19"><span class='ocrx_word' id='word_1_76' title='bbox 105 1112 184 1170; x_wconf 92' lang='lat' dir='ltr'>cum,</span> <span class='ocrx_word' id='word_1_77' title='bbox 201 1096 330 1156; x_wconf 81' lang='lat' dir='ltr'>Arabeta</span> <span class='ocrx_word' id='word_1_78' title='bbox 352 1105 387 1156; x_wconf 89' lang='lat' dir='ltr'>et</span> <span class='ocrx_word' id='word_1_79' title='bbox 402 1095 567 1172; x_wconf 88' lang='lat' dir='ltr'>Boggiaua,</span> <span class='ocrx_word' id='word_1_80' title='bbox 590 1093 805 1171; x_wconf 81' lang='lat' dir='ltr'>Leuphitorga,</span> <span class='ocrx_word' id='word_1_81' title='bbox 827 1093 1006 1169; x_wconf 81' lang='lat' dir='ltr'>Tautarene,</span> <span class='ocrx_word' id='word_1_82' title='bbox 1028 1092 1112 1154; x_wconf 90' lang='lat' dir='ltr'>Meae</span> <span class='ocrx_word' id='word_1_83' title='bbox 1127 1106 1151 1147; x_wconf 88' lang='lat'>1⁰</span> 
     </span>
     <span class='ocr_line' id='line_1_12' title="bbox 107 1176 1113 1255; baseline -0.001 -18"><span class='ocrx_word' id='word_1_84' title='bbox 107 1177 257 1253; x_wconf 84' lang='lat' dir='ltr'>Chindita,</span> <span class='ocrx_word' id='word_1_85' title='bbox 272 1177 347 1253; x_wconf 88' lang='lat' dir='ltr'>Noa,</span> <span class='ocrx_word' id='word_1_86' title='bbox 362 1176 492 1255; x_wconf 86' lang='lat' dir='ltr'>Goploa,</span> <span class='ocrx_word' id='word_1_87' title='bbox 509 1177 632 1255; x_wconf 86' lang='lat' dir='ltr'>Gistate,</span> <span class='ocrx_word' id='word_1_88' title='bbox 647 1176 787 1253; x_wconf 83' lang='lat' dir='ltr'>Megada,</span> <span class='ocrx_word' id='word_1_89' title='bbox 799 1176 873 1253; x_wconf 85' lang='lat' dir='ltr'>bea,</span> <span class='ocrx_word' id='word_1_90' title='bbox 890 1176 1004 1254; x_wconf 87' lang='lat' dir='ltr'>Bemni,</span> <span class='ocrx_word' id='word_1_91' title='bbox 1019 1176 1113 1255; x_wconf 90' lang='lat' dir='ltr'>Nups,</span> 
     </span>
     <span class='ocr_line' id='line_1_13' title="bbox 104 1259 1113 1340; baseline 0.001 -21"><span class='ocrx_word' id='word_1_92' title='bbox 104 1259 209 1337; x_wconf 88' lang='lat' dir='ltr'>Direa,</span> <span class='ocrx_word' id='word_1_93' title='bbox 224 1260 363 1338; x_wconf 86' lang='lat' dir='ltr'>Patigga,</span> <span class='ocrx_word' id='word_1_94' title='bbox 387 1262 518 1340; x_wconf 83' lang='lat' dir='ltr'>Bagada,</span> <span class='ocrx_word' id='word_1_95' title='bbox 535 1261 676 1337; x_wconf 88' lang='lat' dir='ltr'>Dumana,</span> <span class='ocrx_word' id='word_1_96' title='bbox 692 1260 838 1337; x_wconf 87' lang='lat' dir='ltr'>Rhadata,</span> <span class='ocrx_word' id='word_1_97' title='bbox 857 1263 885 1319; x_wconf 95' lang='lat' dir='ltr'>iu</span> <span class='ocrx_word' id='word_1_98' title='bbox 906 1279 963 1338; x_wconf 89' lang='lat' dir='ltr'>quo</span> <span class='ocrx_word' id='word_1_99' title='bbox 979 1261 1047 1320; x_wconf 88' lang='lat' dir='ltr'>felis</span> <span class='ocrx_word' id='word_1_100' title='bbox 1066 1279 1113 1320; x_wconf 89' lang='lat' dir='ltr'>au-</span> 
     </span>
     <span class='ocr_line' id='line_1_14' title="bbox 104 1343 1114 1422; baseline 0.001 -20"><span class='ocrx_word' id='word_1_101' title='bbox 104 1362 155 1403; x_wconf 91' lang='lat' dir='ltr'>rea</span> <span class='ocrx_word' id='word_1_102' title='bbox 180 1362 232 1422; x_wconf 89' lang='lat' dir='ltr'>pro</span> <span class='ocrx_word' id='word_1_103' title='bbox 254 1344 311 1404; x_wconf 90' lang='lat' dir='ltr'>deo</span> <span class='ocrx_word' id='word_1_104' title='bbox 329 1344 498 1422; x_wconf 84' lang='lat' dir='ltr'>colebatur,</span> <span class='ocrx_word' id='word_1_105' title='bbox 519 1345 634 1421; x_wconf 91' lang='lat' dir='ltr'>Boron,</span> <span class='ocrx_word' id='word_1_106' title='bbox 656 1346 684 1404; x_wconf 93' lang='lat' dir='ltr'>in</span> <span class='ocrx_word' id='word_1_107' title='bbox 705 1344 919 1404; x_wconf 89' lang='lat' dir='ltr'>mediterraneo</span> <span class='ocrx_word' id='word_1_108' title='bbox 936 1343 1024 1403; x_wconf 93' lang='lat' dir='ltr'>Mallo</span> <span class='ocrx_word' id='word_1_109' title='bbox 1048 1361 1114 1422; x_wconf 92' lang='lat' dir='ltr'>pro·</span> 
     </span>
    </p>

    <p class='ocr_par' dir='ltr' id='par_1_5' title="bbox 55 1427 1152 1840">
     <span class='ocr_line' id='line_1_15' title="bbox 55 1427 1113 1508; baseline -0.001 -21"><span class='ocrx_word' id='word_1_110' title='bbox 55 1427 348 1490; x_wconf 83' lang='lat' dir='ltr'>179ximumMeroe.</span> <span class='ocrx_word' id='word_1_111' title='bbox 387 1431 430 1489; x_wconf 91' lang='lat' dir='ltr'>sic</span> <span class='ocrx_word' id='word_1_112' title='bbox 454 1429 579 1508; x_wconf 92' lang='lat' dir='ltr'>prodidit</span> <span class='ocrx_word' id='word_1_113' title='bbox 597 1429 679 1489; x_wconf 89' lang='lat' dir='ltr'>Bion.</span> <span class='ocrx_word' id='word_1_114' title='bbox 716 1427 903 1488; x_wconf 88' lang='lat' dir='ltr'>lubaaliter:</span> <span class='ocrx_word' id='word_1_115' title='bbox 927 1427 1064 1505; x_wconf 93' lang='lat' dir='ltr'>oppidum</span> <span class='ocrx_word' id='word_1_116' title='bbox 1086 1430 1113 1486; x_wconf 90' lang='lat' dir='ltr'>in</span> 
     </span>
     <span class='ocr_line' id='line_1_16' title="bbox 105 1510 1152 1592; baseline -0.003 -23"><span class='ocrx_word' id='word_1_117' title='bbox 105 1521 203 1571; x_wconf 90' lang='lat' dir='ltr'>moute</span> <span class='ocrx_word' id='word_1_118' title='bbox 219 1510 402 1589; x_wconf 84' lang='lat' dir='ltr'>Megatichos</span> <span class='ocrx_word' id='word_1_119' title='bbox 414 1516 491 1573; x_wconf 90' lang='lat' dir='ltr'>inter</span> <span class='ocrx_word' id='word_1_120' title='bbox 502 1512 668 1592; x_wconf 80' lang='lat' dir='ltr'>Aegyptum</span> <span class='ocrx_word' id='word_1_121' title='bbox 686 1521 715 1571; x_wconf 90' lang='lat' dir='ltr'>et</span> <span class='ocrx_word' id='word_1_122' title='bbox 727 1511 930 1589; x_wconf 89' lang='lat' dir='ltr'>Aethiopiam,</span> <span class='ocrx_word' id='word_1_123' title='bbox 948 1510 1023 1589; x_wconf 91' lang='lat' dir='ltr'>quod</span> <span class='ocrx_word' id='word_1_124' title='bbox 1041 1511 1111 1570; x_wconf 88' lang='lat' dir='ltr'>Ara·</span> <span class='ocrx_word' id='word_1_125' title='bbox 1128 1522 1152 1566; x_wconf 74' lang='lat'>15</span> 
     </span>
     <span class='ocr_line' id='line_1_17' title="bbox 106 1594 1116 1673; baseline -0.001 -18"><span class='ocrx_word' id='word_1_126' title='bbox 106 1594 159 1655; x_wconf 90' lang='lat' dir='ltr'>bes</span> <span class='ocrx_word' id='word_1_127' title='bbox 183 1595 304 1655; x_wconf 92' lang='lat' dir='ltr'>Mirsion</span> <span class='ocrx_word' id='word_1_128' title='bbox 326 1606 520 1669; x_wconf 87' lang='lat' dir='ltr'>vocaverunt,</span> <span class='ocrx_word' id='word_1_129' title='bbox 543 1597 610 1656; x_wconf 89' lang='lat' dir='ltr'>dein</span> <span class='ocrx_word' id='word_1_130' title='bbox 632 1595 830 1673; x_wconf 81' lang='lat' dir='ltr'>Tacompson,</span> <span class='ocrx_word' id='word_1_131' title='bbox 854 1594 1007 1669; x_wconf 90' lang='lat' dir='ltr'>Aramum,</span> <span class='ocrx_word' id='word_1_132' title='bbox 1029 1594 1116 1655; x_wconf 87' lang='lat' dir='ltr'>Sesa-</span> 
     </span>
     <span class='ocr_line' id='line_1_18' title="bbox 104 1677 1114 1756; baseline 0 -19"><span class='ocrx_word' id='word_1_133' title='bbox 104 1697 198 1754; x_wconf 92' lang='lat' dir='ltr'>mum,</span> <span class='ocrx_word' id='word_1_134' title='bbox 229 1678 316 1756; x_wconf 90' lang='lat' dir='ltr'>Pide,</span> <span class='ocrx_word' id='word_1_135' title='bbox 345 1679 492 1754; x_wconf 90' lang='lat' dir='ltr'>Mamuda,</span> <span class='ocrx_word' id='word_1_136' title='bbox 522 1677 686 1740; x_wconf 79' lang='lat' dir='ltr'>Carambim</span> <span class='ocrx_word' id='word_1_137' title='bbox 713 1680 791 1738; x_wconf 86' lang='lat' dir='ltr'>iaxta</span> <span class='ocrx_word' id='word_1_138' title='bbox 817 1678 963 1737; x_wconf 88' lang='lat' dir='ltr'>bituminis</span> <span class='ocrx_word' id='word_1_139' title='bbox 991 1677 1114 1755; x_wconf 86' lang='lat' dir='ltr'>iontem,</span> 
     </span>
     <span class='ocr_line' id='line_1_19' title="bbox 105 1759 1114 1840; baseline 0 -19"><span class='ocrx_word' id='word_1_140' title='bbox 105 1762 264 1840; x_wconf 88' lang='lat' dir='ltr'>Amodata,</span> <span class='ocrx_word' id='word_1_141' title='bbox 280 1762 407 1840; x_wconf 89' lang='lat' dir='ltr'>Prosda,</span> <span class='ocrx_word' id='word_1_142' title='bbox 424 1762 563 1839; x_wconf 86' lang='lat' dir='ltr'>Parenta,</span> <span class='ocrx_word' id='word_1_143' title='bbox 581 1761 692 1838; x_wconf 90' lang='lat' dir='ltr'>Mania,</span> <span class='ocrx_word' id='word_1_144' title='bbox 715 1762 850 1838; x_wconf 88' lang='lat' dir='ltr'>Tessata,</span> <span class='ocrx_word' id='word_1_145' title='bbox 872 1760 988 1835; x_wconf 86' lang='lat' dir='ltr'>Galles,</span> <span class='ocrx_word' id='word_1_146' title='bbox 1006 1759 1114 1837; x_wconf 85' lang='lat' dir='ltr'>Zoton,</span> 
     </span>
    </p>

    <p class='ocr_par' dir='ltr' id='par_1_6' title="bbox 17 1844 1152 2256">
     <span class='ocr_line' id='line_1_20' title="bbox 17 1844 1113 1924; baseline -0.002 -18"><span class='ocrx_word' id='word_1_147' title='bbox 17 1908 23 1919; x_wconf 73' lang='grc'>,</span> <span class='ocrx_word' id='word_1_148' title='bbox 106 1845 303 1923; x_wconf 87' lang='lat' dir='ltr'>Graucomen,</span> <span class='ocrx_word' id='word_1_149' title='bbox 320 1845 454 1924; x_wconf 87' lang='lat' dir='ltr'>Emeum,</span> <span class='ocrx_word' id='word_1_150' title='bbox 476 1846 641 1923; x_wconf 89' lang='lat' dir='ltr'>Pidibotas,</span> <span class='ocrx_word' id='word_1_151' title='bbox 662 1844 947 1920; x_wconf 84' lang='lat' dir='ltr'>Endondacometas,</span> <span class='ocrx_word' id='word_1_152' title='bbox 968 1844 1113 1904; x_wconf 89' lang='lat' dir='ltr'>Nomadas</span> 
     </span>
     <span class='ocr_line' id='line_1_21' title="bbox 105 1927 1152 2008; baseline -0.006 -20"><span class='ocrx_word' id='word_1_153' title='bbox 105 1930 134 1988; x_wconf 90' lang='lat' dir='ltr'>iu</span> <span class='ocrx_word' id='word_1_154' title='bbox 152 1930 345 1989; x_wconf 88' lang='lat' dir='ltr'>tabernaculis</span> <span class='ocrx_word' id='word_1_155' title='bbox 363 1932 513 2002; x_wconf 87' lang='lat' dir='ltr'>viventes,</span> <span class='ocrx_word' id='word_1_156' title='bbox 532 1929 714 2008; x_wconf 87' lang='lat' dir='ltr'>Cystaepeu,</span> <span class='ocrx_word' id='word_1_157' title='bbox 730 1927 866 2006; x_wconf 91' lang='lat' dir='ltr'>Magada,</span> <span class='ocrx_word' id='word_1_158' title='bbox 885 1927 991 2005; x_wconf 83' lang='lat' dir='ltr'>Galen,</span> <span class='ocrx_word' id='word_1_159' title='bbox 1007 1927 1111 2004; x_wconf 80' lang='lat' dir='ltr'>Paroa,</span> <span class='ocrx_word' id='word_1_160' title='bbox 1126 1942 1152 1982; x_wconf 86' lang='lat' dir='ltr'>ao</span> 
     </span>
     <span class='ocr_line' id='line_1_22' title="bbox 105 2010 1113 2092; baseline 0.001 -22"><span class='ocrx_word' id='word_1_161' title='bbox 105 2011 210 2089; x_wconf 91' lang='lat' dir='ltr'>Primi,</span> <span class='ocrx_word' id='word_1_162' title='bbox 226 2012 324 2092; x_wconf 90' lang='lat' dir='ltr'>Nups,</span> <span class='ocrx_word' id='word_1_163' title='bbox 336 2013 475 2090; x_wconf 80' lang='lat' dir='ltr'>Dicelin,</span> <span class='ocrx_word' id='word_1_164' title='bbox 492 2013 649 2091; x_wconf 87' lang='lat' dir='ltr'>Patingan,</span> <span class='ocrx_word' id='word_1_165' title='bbox 665 2012 795 2087; x_wconf 82' lang='lat' dir='ltr'>Breues,</span> <span class='ocrx_word' id='word_1_166' title='bbox 813 2010 1006 2088; x_wconf 87' lang='lat' dir='ltr'>Magasneos,</span> <span class='ocrx_word' id='word_1_167' title='bbox 1021 2010 1113 2089; x_wconf 87' lang='lat' dir='ltr'>Egas-</span> 
     </span>
     <span class='ocr_line' id='line_1_23' title="bbox 104 2094 1113 2174; baseline 0.002 -21"><span class='ocrx_word' id='word_1_168' title='bbox 104 2097 194 2170; x_wconf 87' lang='lat' dir='ltr'>mala,</span> <span class='ocrx_word' id='word_1_169' title='bbox 218 2094 354 2172; x_wconf 88' lang='lat' dir='ltr'>Cramda,</span> <span class='ocrx_word' id='word_1_170' title='bbox 376 2096 494 2170; x_wconf 80' lang='lat' dir='ltr'>Danaa,</span> <span class='ocrx_word' id='word_1_171' title='bbox 521 2096 664 2172; x_wconf 88' lang='lat' dir='ltr'>Cadeom,</span> <span class='ocrx_word' id='word_1_172' title='bbox 687 2095 838 2172; x_wconf 82' lang='lat' dir='ltr'>Mothana,</span> <span class='ocrx_word' id='word_1_173' title='bbox 859 2095 957 2172; x_wconf 86' lang='lat' dir='ltr'>Batta,</span> <span class='ocrx_word' id='word_1_174' title='bbox 981 2095 1113 2174; x_wconf 88' lang='lat' dir='ltr'>Alanam,</span> 
     </span>
     <span class='ocr_line' id='line_1_24' title="bbox 104 2176 1113 2256; baseline 0 -19"><span class='ocrx_word' id='word_1_175' title='bbox 104 2176 220 2253; x_wconf 90' lang='lat' dir='ltr'>Macua,</span> <span class='ocrx_word' id='word_1_176' title='bbox 240 2177 403 2252; x_wconf 89' lang='lat' dir='ltr'>Scammos,</span> <span class='ocrx_word' id='word_1_177' title='bbox 426 2178 530 2238; x_wconf 85' lang='lat' dir='ltr'>Coram</span> <span class='ocrx_word' id='word_1_178' title='bbox 548 2181 576 2238; x_wconf 91' lang='lat' dir='ltr'>iu</span> <span class='ocrx_word' id='word_1_179' title='bbox 599 2178 708 2254; x_wconf 89' lang='lat' dir='ltr'>insula,</span> <span class='ocrx_word' id='word_1_180' title='bbox 733 2179 769 2238; x_wconf 92' lang='lat' dir='ltr'>ab</span> <span class='ocrx_word' id='word_1_181' title='bbox 786 2181 822 2238; x_wconf 89' lang='lat' dir='ltr'>ils</span> <span class='ocrx_word' id='word_1_182' title='bbox 839 2178 948 2256; x_wconf 88' lang='lat' dir='ltr'>Abala,</span> <span class='ocrx_word' id='word_1_183' title='bbox 965 2178 1113 2239; x_wconf 86' lang='lat' dir='ltr'>Androna-</span> 
     </span>
    </p>

    <p class='ocr_par' dir='ltr' id='par_1_7' title="bbox 54 2260 1150 2925">
     <span class='ocr_line' id='line_1_25' title="bbox 54 2260 1112 2339; baseline -0.001 -18"><span class='ocrx_word' id='word_1_184' title='bbox 54 2268 105 2321; x_wconf 85' lang='lat'>180</span> <span class='ocrx_word' id='word_1_185' title='bbox 117 2260 185 2336; x_wconf 91' lang='lat' dir='ltr'>lim,</span> <span class='ocrx_word' id='word_1_186' title='bbox 209 2261 363 2338; x_wconf 87' lang='lat' dir='ltr'>Seserem,</span> <span class='ocrx_word' id='word_1_187' title='bbox 385 2261 505 2338; x_wconf 86' lang='lat' dir='ltr'>Mallos,</span> <span class='ocrx_word' id='word_1_188' title='bbox 529 2263 661 2339; x_wconf 85' lang='lat' dir='ltr'>Agonen.</span> <span class='ocrx_word' id='word_1_189' title='bbox 692 2261 742 2331; x_wconf 85' lang='lat' dir='ltr'>Eu¹</span> <span class='ocrx_word' id='word_1_190' title='bbox 755 2263 871 2323; x_wconf 80' lang='lat' dir='ltr'>Africae</span> <span class='ocrx_word' id='word_1_191' title='bbox 894 2262 987 2323; x_wconf 87' lang='lat' dir='ltr'>latere</span> <span class='ocrx_word' id='word_1_192' title='bbox 1010 2262 1112 2321; x_wconf 86' lang='lat' dir='ltr'>tradita</span> 
     </span>
     <span class='ocr_line' id='line_1_26' title="bbox 105 2344 1150 2424; baseline -0.003 -21"><span class='ocrx_word' id='word_1_193' title='bbox 105 2353 171 2404; x_wconf 91' lang='lat' dir='ltr'>sunt</span> <span class='ocrx_word' id='word_1_194' title='bbox 187 2345 290 2404; x_wconf 84' lang='lat' dir='ltr'>eodem</span> <span class='ocrx_word' id='word_1_195' title='bbox 306 2347 421 2406; x_wconf 91' lang='lat' dir='ltr'>nomine</span> <span class='ocrx_word' id='word_1_196' title='bbox 437 2344 614 2424; x_wconf 88' lang='lat' dir='ltr'>Tacompsos</span> <span class='ocrx_word' id='word_1_197' title='bbox 630 2346 721 2406; x_wconf 88' lang='lat' dir='ltr'>altera</span> <span class='ocrx_word' id='word_1_198' title='bbox 740 2348 803 2406; x_wconf 89' lang='lat' dir='ltr'>sire</span> <span class='ocrx_word' id='word_1_199' title='bbox 820 2365 887 2424; x_wconf 90' lang='lat' dir='ltr'>pars</span> <span class='ocrx_word' id='word_1_200' title='bbox 905 2347 1026 2423; x_wconf 90' lang='lat' dir='ltr'>prioris,</span> <span class='ocrx_word' id='word_1_201' title='bbox 1051 2345 1110 2405; x_wconf 87' lang='lat' dir='ltr'>Mo·</span> <span class='ocrx_word' id='word_1_202' title='bbox 1124 2355 1150 2400; x_wconf 79' lang='lat' dir='ltr'>aa</span> 
     </span>
     <span class='ocr_line' id='line_1_27' title="bbox 104 2427 1112 2508; baseline 0.002 -21"><span class='ocrx_word' id='word_1_203' title='bbox 104 2446 195 2504; x_wconf 86' lang='lat' dir='ltr'>gone,</span> <span class='ocrx_word' id='word_1_204' title='bbox 217 2428 290 2505; x_wconf 88' lang='lat' dir='ltr'>Sea,</span> <span class='ocrx_word' id='word_1_205' title='bbox 315 2429 415 2489; x_wconf 90' lang='lat' dir='ltr'>Aedos</span> <span class='ocrx_word' id='word_1_206' title='bbox 424 2473 433 2506; x_wconf 91' lang='lat'>,</span> <span class='ocrx_word' id='word_1_207' title='bbox 461 2430 676 2508; x_wconf 86' lang='lat' dir='ltr'>Apeleuariae,</span> <span class='ocrx_word' id='word_1_208' title='bbox 703 2428 818 2504; x_wconf 88' lang='lat' dir='ltr'>Pindis,</span> <span class='ocrx_word' id='word_1_209' title='bbox 840 2427 989 2506; x_wconf 86' lang='lat' dir='ltr'>Magassa,</span> <span class='ocrx_word' id='word_1_210' title='bbox 1013 2428 1112 2504; x_wconf 89' lang='lat' dir='ltr'>Buma‚</span> 
     </span>
     <span class='ocr_line' id='line_1_28' title="bbox 104 2511 1112 2592; baseline 0.002 -22"><span class='ocrx_word' id='word_1_211' title='bbox 104 2511 250 2588; x_wconf 85' lang='lat' dir='ltr'>Lintuma,</span> <span class='ocrx_word' id='word_1_212' title='bbox 266 2512 412 2592; x_wconf 90' lang='lat' dir='ltr'>Spintum,</span> <span class='ocrx_word' id='word_1_213' title='bbox 433 2514 553 2592; x_wconf 88' lang='lat' dir='ltr'>Sidopt,</span> <span class='ocrx_word' id='word_1_214' title='bbox 574 2512 707 2588; x_wconf 85' lang='lat' dir='ltr'>Censoe,</span> <span class='ocrx_word' id='word_1_215' title='bbox 723 2513 900 2587; x_wconf 90' lang='lat' dir='ltr'>Pindicitor,</span> <span class='ocrx_word' id='word_1_216' title='bbox 919 2511 1044 2589; x_wconf 88' lang='lat' dir='ltr'>Agaga,</span> <span class='ocrx_word' id='word_1_217' title='bbox 1060 2511 1112 2572; x_wconf 89' lang='lat' dir='ltr'>Or·</span> 
     </span>
     <span class='ocr_line' id='line_1_29' title="bbox 104 2594 1112 2675; baseline 0.001 -23"><span class='ocrx_word' id='word_1_218' title='bbox 104 2613 177 2669; x_wconf 90' lang='lat' dir='ltr'>sum,</span> <span class='ocrx_word' id='word_1_219' title='bbox 195 2595 294 2674; x_wconf 89' lang='lat' dir='ltr'>Suara,</span> <span class='ocrx_word' id='word_1_220' title='bbox 310 2596 495 2672; x_wconf 87' lang='lat' dir='ltr'>Maumarum,</span> <span class='ocrx_word' id='word_1_221' title='bbox 512 2596 623 2672; x_wconf 90' lang='lat' dir='ltr'>Urbim,</span> <span class='ocrx_word' id='word_1_222' title='bbox 634 2595 744 2673; x_wconf 91' lang='lat' dir='ltr'>Mulon,</span> <span class='ocrx_word' id='word_1_223' title='bbox 760 2597 837 2675; x_wconf 88' lang='lat' dir='ltr'>quod</span> <span class='ocrx_word' id='word_1_224' title='bbox 854 2597 989 2674; x_wconf 93' lang='lat' dir='ltr'>oppidum</span> <span class='ocrx_word' id='word_1_225' title='bbox 1009 2594 1112 2656; x_wconf 86' lang='lat' dir='ltr'>Graeci</span> 
     </span>
     <span class='ocr_line' id='line_1_30' title="bbox 104 2675 1112 2757; baseline 0.003 -22"><span class='ocrx_word' id='word_1_226' title='bbox 104 2675 238 2754; x_wconf 77' lang='lat' dir='ltr'>Hypaton</span> <span class='ocrx_word' id='word_1_227' title='bbox 265 2689 421 2755; x_wconf 88' lang='lat' dir='ltr'>vocarunt,</span> <span class='ocrx_word' id='word_1_228' title='bbox 443 2680 617 2757; x_wconf 88' lang='lat' dir='ltr'>Pagoartas,</span> <span class='ocrx_word' id='word_1_229' title='bbox 640 2679 778 2756; x_wconf 85' lang='lat' dir='ltr'>Zamnes,</span> <span class='ocrx_word' id='word_1_230' title='bbox 800 2680 874 2739; x_wconf 89' lang='lat' dir='ltr'>uude</span> <span class='ocrx_word' id='word_1_231' title='bbox 904 2678 1049 2757; x_wconf 91' lang='lat' dir='ltr'>elephanti</span> <span class='ocrx_word' id='word_1_232' title='bbox 1071 2680 1112 2738; x_wconf 92' lang='lat' dir='ltr'>iu-</span> 
     </span>
     <span class='ocr_line' id='line_1_31' title="bbox 105 2760 1149 2841; baseline 0.003 -23"><span class='ocrx_word' id='word_1_233' title='bbox 105 2762 228 2838; x_wconf 89' lang='lat' dir='ltr'>cipiaut,</span> <span class='ocrx_word' id='word_1_234' title='bbox 249 2760 381 2838; x_wconf 87' lang='lat' dir='ltr'>Mambli,</span> <span class='ocrx_word' id='word_1_235' title='bbox 405 2763 562 2838; x_wconf 88' lang='lat' dir='ltr'>Berressa,</span> <span class='ocrx_word' id='word_1_236' title='bbox 585 2761 717 2825; x_wconf 92' lang='lat' dir='ltr'>Coetum.</span> <span class='ocrx_word' id='word_1_237' title='bbox 753 2764 806 2821; x_wconf 90' lang='lat' dir='ltr'>luit</span> <span class='ocrx_word' id='word_1_238' title='bbox 829 2764 970 2841; x_wconf 88' lang='lat' dir='ltr'>quondam</span> <span class='ocrx_word' id='word_1_239' title='bbox 993 2771 1022 2822; x_wconf 90' lang='lat' dir='ltr'>et</span> <span class='ocrx_word' id='word_1_240' title='bbox 1038 2761 1110 2840; x_wconf 86' lang='lat' dir='ltr'>Epis</span> <span class='ocrx_word' id='word_1_241' title='bbox 1124 2777 1149 2816; x_wconf 80' lang='lat' dir='ltr'>ao</span> 
     </span>
     <span class='ocr_line' id='line_1_32' title="bbox 105 2844 1110 2925; baseline 0.002 -23"><span class='ocrx_word' id='word_1_242' title='bbox 105 2844 241 2921; x_wconf 90' lang='lat' dir='ltr'>oppidum</span> <span class='ocrx_word' id='word_1_243' title='bbox 262 2854 362 2905; x_wconf 91' lang='lat' dir='ltr'>contra</span> <span class='ocrx_word' id='word_1_244' title='bbox 383 2845 521 2923; x_wconf 90' lang='lat' dir='ltr'>Meroen,</span> <span class='ocrx_word' id='word_1_245' title='bbox 544 2856 695 2925; x_wconf 89' lang='lat' dir='ltr'>antequam</span> <span class='ocrx_word' id='word_1_246' title='bbox 716 2846 788 2905; x_wconf 92' lang='lat' dir='ltr'>Bion</span> <span class='ocrx_word' id='word_1_247' title='bbox 811 2847 957 2906; x_wconf 89' lang='lat' dir='ltr'>scriberet</span> <span class='ocrx_word' id='word_1_248' title='bbox 974 2846 1110 2905; x_wconf 88' lang='lat' dir='ltr'>deletum.</span> 
     </span>
    </p>

    <p class='ocr_par' dir='ltr' id='par_1_8' title="bbox 54 2926 1148 3510">
     <span class='ocr_line' id='line_1_33' title="bbox 54 2926 1112 3008; baseline 0.001 -20"><span class='ocrx_word' id='word_1_249' title='bbox 54 2935 101 2988; x_wconf 85' lang='grc'>181</span> <span class='ocrx_word' id='word_1_250' title='bbox 114 2926 193 2987; x_wconf 88' lang='lat' dir='ltr'>llaec</span> <span class='ocrx_word' id='word_1_251' title='bbox 215 2939 280 2988; x_wconf 89' lang='lat' dir='ltr'>suut</span> <span class='ocrx_word' id='word_1_252' title='bbox 304 2930 417 3007; x_wconf 89' lang='lat' dir='ltr'>prodita</span> <span class='ocrx_word' id='word_1_253' title='bbox 439 2949 528 3008; x_wconf 83' lang='lat' dir='ltr'>usque</span> <span class='ocrx_word' id='word_1_254' title='bbox 548 2929 689 3007; x_wconf 86' lang='lat' dir='ltr'>Meroen,</span> <span class='ocrx_word' id='word_1_255' title='bbox 717 2930 878 3007; x_wconf 83' lang='lat' dir='ltr'>exquibus</span> <span class='ocrx_word' id='word_1_256' title='bbox 900 2929 957 2988; x_wconf 89' lang='lat' dir='ltr'>hoc</span> <span class='ocrx_word' id='word_1_257' title='bbox 977 2938 1112 3007; x_wconf 87' lang='lat' dir='ltr'>tempore</span> 
     </span>
     <span class='ocr_line' id='line_1_34' title="bbox 104 3011 1111 3092; baseline 0.002 -23"><span class='ocrx_word' id='word_1_258' title='bbox 104 3011 210 3071; x_wconf 92' lang='lat' dir='ltr'>nullum</span> <span class='ocrx_word' id='word_1_259' title='bbox 227 3030 320 3092; x_wconf 90' lang='lat' dir='ltr'>prope</span> <span class='ocrx_word' id='word_1_260' title='bbox 337 3022 460 3091; x_wconf 85' lang='lat' dir='ltr'>utroque</span> <span class='ocrx_word' id='word_1_261' title='bbox 478 3014 570 3074; x_wconf 90' lang='lat' dir='ltr'>latere</span> <span class='ocrx_word' id='word_1_262' title='bbox 588 3023 692 3074; x_wconf 83' lang='lat' dir='ltr'>exstat.</span> <span class='ocrx_word' id='word_1_263' title='bbox 729 3023 810 3073; x_wconf 88' lang='lat' dir='ltr'>certe</span> <span class='ocrx_word' id='word_1_264' title='bbox 827 3012 999 3072; x_wconf 88' lang='lat' dir='ltr'>solitudines</span> <span class='ocrx_word' id='word_1_265' title='bbox 1016 3031 1111 3090; x_wconf 91' lang='lat' dir='ltr'>nuper</span> 
     </span>
     <span class='ocr_line' id='line_1_35' title="bbox 103 3096 1110 3175; baseline 0.001 -22"><span class='ocrx_word' id='word_1_266' title='bbox 103 3097 309 3156; x_wconf 73' lang='lat' dir='ltr'>renuntiavere</span> <span class='ocrx_word' id='word_1_267' title='bbox 330 3099 452 3175; x_wconf 91' lang='lat' dir='ltr'>principi</span> <span class='ocrx_word' id='word_1_268' title='bbox 470 3098 580 3157; x_wconf 90' lang='lat' dir='ltr'>Neroni</span> <span class='ocrx_word' id='word_1_269' title='bbox 600 3100 679 3157; x_wconf 89' lang='lat' dir='ltr'>missi</span> <span class='ocrx_word' id='word_1_270' title='bbox 696 3098 731 3157; x_wconf 89' lang='lat' dir='ltr'>ab</span> <span class='ocrx_word' id='word_1_271' title='bbox 755 3115 791 3156; x_wconf 90' lang='lat' dir='ltr'>eo</span> <span class='ocrx_word' id='word_1_272' title='bbox 807 3096 914 3156; x_wconf 91' lang='lat' dir='ltr'>milites</span> <span class='ocrx_word' id='word_1_273' title='bbox 933 3098 1110 3174; x_wconf 91' lang='lat' dir='ltr'>praetoriani</span> 
     </span>
     <span class='ocr_line' id='line_1_36' title="bbox 104 3178 1148 3258; baseline -0.004 -22"><span class='ocrx_word' id='word_1_274' title='bbox 104 3197 165 3237; x_wconf 90' lang='lat' dir='ltr'>cum</span> <span class='ocrx_word' id='word_1_275' title='bbox 185 3178 299 3239; x_wconf 93' lang='lat' dir='ltr'>tribuno</span> <span class='ocrx_word' id='word_1_276' title='bbox 322 3180 356 3239; x_wconf 92' lang='lat' dir='ltr'>ad</span> <span class='ocrx_word' id='word_1_277' title='bbox 377 3180 600 3258; x_wconf 88' lang='lat' dir='ltr'>explorandum,</span> <span class='ocrx_word' id='word_1_278' title='bbox 624 3183 700 3240; x_wconf 91' lang='lat' dir='ltr'>inter</span> <span class='ocrx_word' id='word_1_279' title='bbox 719 3180 830 3257; x_wconf 90' lang='lat' dir='ltr'>reliqua</span> <span class='ocrx_word' id='word_1_280' title='bbox 846 3179 923 3240; x_wconf 91' lang='lat' dir='ltr'>bella</span> <span class='ocrx_word' id='word_1_281' title='bbox 941 3187 971 3238; x_wconf 92' lang='lat' dir='ltr'>et</span> <span class='ocrx_word' id='word_1_282' title='bbox 988 3179 1108 3239; x_wconf 87' lang='lat' dir='ltr'>Aellrio-</span> <span class='ocrx_word' id='word_1_283' title='bbox 1124 3190 1148 3232; x_wconf 79' lang='lat' dir='ltr'>ca</span> 
     </span>
     <span class='ocr_line' id='line_1_37' title="bbox 104 3262 1110 3339; baseline 0.001 -19"><span class='ocrx_word' id='word_1_284' title='bbox 104 3263 196 3338; x_wconf 92' lang='lat' dir='ltr'>picum</span> <span class='ocrx_word' id='word_1_285' title='bbox 219 3265 368 3339; x_wconf 89' lang='lat' dir='ltr'>cogitanti.</span> <span class='ocrx_word' id='word_1_286' title='bbox 409 3264 558 3324; x_wconf 87' lang='lat' dir='ltr'>Intrarere</span> <span class='ocrx_word' id='word_1_287' title='bbox 580 3273 675 3323; x_wconf 89' lang='lat' dir='ltr'>autem</span> <span class='ocrx_word' id='word_1_288' title='bbox 697 3273 726 3324; x_wconf 94' lang='lat' dir='ltr'>et</span> <span class='ocrx_word' id='word_1_289' title='bbox 746 3282 782 3324; x_wconf 92' lang='lat' dir='ltr'>eo</span> <span class='ocrx_word' id='word_1_290' title='bbox 803 3281 879 3322; x_wconf 91' lang='lat' dir='ltr'>arma</span> <span class='ocrx_word' id='word_1_291' title='bbox 901 3262 1031 3322; x_wconf 90' lang='lat' dir='ltr'>Romana</span> <span class='ocrx_word' id='word_1_292' title='bbox 1052 3264 1110 3322; x_wconf 90' lang='lat' dir='ltr'>dlvi</span> 
     </span>
     <span class='ocr_line' id='line_1_38' title="bbox 101 3342 1110 3425; baseline 0.001 -22"><span class='ocrx_word' id='word_1_293' title='bbox 101 3342 226 3420; x_wconf 86' lang='lat' dir='ltr'>Augusti</span> <span class='ocrx_word' id='word_1_294' title='bbox 244 3348 422 3424; x_wconf 90' lang='lat' dir='ltr'>temporibus</span> <span class='ocrx_word' id='word_1_295' title='bbox 438 3348 510 3407; x_wconf 90' lang='lat' dir='ltr'>duce</span> <span class='ocrx_word' id='word_1_296' title='bbox 523 3346 551 3406; x_wconf 93' lang='lat' dir='ltr'>P.</span> <span class='ocrx_word' id='word_1_297' title='bbox 565 3346 705 3407; x_wconf 92' lang='lat' dir='ltr'>Petronio</span> <span class='ocrx_word' id='word_1_298' title='bbox 719 3357 748 3407; x_wconf 93' lang='lat' dir='ltr'>et</span> <span class='ocrx_word' id='word_1_299' title='bbox 764 3349 830 3425; x_wconf 91' lang='lat' dir='ltr'>ipso</span> <span class='ocrx_word' id='word_1_300' title='bbox 843 3348 987 3424; x_wconf 89' lang='lat' dir='ltr'>equestris</span> <span class='ocrx_word' id='word_1_301' title='bbox 1001 3345 1110 3405; x_wconf 90' lang='lat' dir='ltr'>ordinis</span> 
     </span>
     <span class='ocr_line' id='line_1_39' title="bbox 102 3428 1110 3510; baseline 0.004 -25"><span class='ocrx_word' id='word_1_302' title='bbox 102 3430 253 3505; x_wconf 88' lang='lat' dir='ltr'>praelecto</span> <span class='ocrx_word' id='word_1_303' title='bbox 277 3430 414 3508; x_wconf 80' lang='lat' dir='ltr'>Aegypti.</span> <span class='ocrx_word' id='word_1_304' title='bbox 453 3432 477 3490; x_wconf 93' lang='lat' dir='ltr'>is</span> <span class='ocrx_word' id='word_1_305' title='bbox 503 3430 610 3509; x_wconf 88' lang='lat' dir='ltr'>oppida</span> <span class='ocrx_word' id='word_1_306' title='bbox 631 3432 929 3510; x_wconf 84' lang='lat' dir='ltr'>eorum-expugnavit</span> <span class='ocrx_word' id='word_1_307' title='bbox 951 3448 1025 3507; x_wconf 86' lang='lat' dir='ltr'>quae</span> <span class='ocrx_word' id='word_1_308' title='bbox 1046 3428 1110 3489; x_wconf 89' lang='lat' dir='ltr'>sola</span> 
     </span>
    </p>
   </div>
   <div class='ocr_carea' id='block_1_3' title="bbox 0 0 1204 3856">
    <p class='ocr_par' dir='ltr' id='par_1_9' title="bbox 0 0 1204 3856">
     <span class='ocr_line' id='line_1_40' title="bbox 0 0 1204 3856; baseline 0 0"><span class='ocrx_word' id='word_1_309' title='bbox 0 0 1204 3856; x_wconf 95' lang='lat' dir='ltr'> </span> 
     </span>
    </p>
   </div>
  </div>
 </body>
</html>
