2400 3856
104 160 170 225 220
457 173 487 221 c.
510 173 606 221 sunu
628 171 776 220 sacurem

55 345 99 387 *πε
170 328 198 391 t.
219 329 288 390 lude
303 326 427 394 Maeotis
443 327 522 388 lacus
543 329 572 387 in
589 325 707 406 Europa
723 326 824 387 dictus.

57 419 89 472 19
170 412 233 490 (l.)
248 412 273 470 A
293 409 447 472 Cimmerio
465 411 598 472 accolunt
612 409 766 488 Maeotici,
781 409 863 488 llali,
881 408 987 485 Serui,
1008 410 1123 491 Serrei,

108 498 201 573 Scizi,
229 494 335 555 Gnissi.
383 495 450 557 dein
471 494 580 555 Tanain
602 512 712 556 amnem
732 496 850 572 gemino
872 512 926 554 ore
951 493 1124 557 induentem

107 580 235 641 incolunt
259 584 421 657 Sarmatae,
445 577 594 640 Medorum
612 581 658 658 (nt
673 579 786 659 ierunt)
811 577 949 656 suboles,
968 587 1001 639 et
1019 581 1079 658 ipsi
1094 581 1124 639 in
1190 616 1193 621 -

106 665 194 725 multa
212 682 322 742 genera
339 663 433 725 divisi.
470 664 553 744 primi
570 662 757 724 Sauromatae
780 661 1151 740 Gynaecocratumenoe,s

107 749 284 809 Amazonum
303 748 438 815 conubia.
475 748 542 808 dein
562 746 731 824 Naevazae,
756 743 875 824 Coitae,
896 743 987 806 Cizici
1009 744 1124 809 Messe·

108 835 202 910 niani,
230 830 427 911 Cotobacchi,
463 828 572 909 Cetae,
604 830 711 908 Zigae,
744 829 877 908 Tindari,
906 828 1123 910 Thyssagetae,

108 917 219 994 Tyrcae
245 934 338 994 nsque
362 915 397 977 ad
420 915 592 977 solitudines
619 915 756 975 saltuosis
778 914 959 976 convallibus
986 933 1124 994 asperas,

107 1001 182 1061 ultra
199 1019 270 1079 quas
284 1000 454 1078 Arimphaei
472 1001 519 1078 qui
536 999 570 1058 ad
585 998 716 1078 Ripaeos
736 1000 886 1077 pertinent
908 1006 1037 1060 montes.
1069 997 1124 1059 Ta·

107 1087 173 1145 nain
198 1088 292 1163 ipsum
318 1083 443 1160 Scythae
469 1083 566 1143 Sinum
592 1091 714 1160 vocant,
742 1081 879 1143 Maeotim
901 1081 1159 1160 Temarundam,m

56 1175 92 1230 20
108 1185 166 1248 quo
190 1168 353 1244 significant
377 1175 498 1226 matrem
517 1171 613 1227 maris.
656 1165 792 1245 oppidum
821 1168 851 1227 iu
873 1164 978 1225 Tanais
1003 1184 1123 1247 qnoque

108 1253 197 1311 ostio.
239 1249 373 1309 Tenuere
397 1250 514 1310 finitima
542 1251 634 1329 primo
658 1249 766 1328 Cares,
798 1249 866 1311 dein
887 1248 1068 1310 Clazomenii
1094 1259 1124 1312 et

107 1333 258 1410 Maeonis,
285 1342 390 1411 postea
411 1333 686 1414 Panticapaeenses.
721 1343 787 1394 sont
809 1336 858 1413 qui
881 1336 958 1394 circa
982 1332 1123 1395 Maeotim

108 1418 144 1478 ad
174 1415 334 1478 Ceraunios
357 1427 472 1479 montes
497 1420 549 1479 has
576 1419 688 1478 tradant
713 1419 825 1495 gentis:
853 1437 869 1478 a
892 1417 980 1478 litore
995 1417 1123 1496 Napras,

109 1520 254 1581 supraque
273 1501 445 1563 Essedones
463 1500 580 1563 Colchis
602 1504 734 1577 iunctos,
752 1503 890 1562 montium
914 1503 1122 1563 cacuminibus.
1136 1519 1159 1562 aa

57 1593 90 1646 21
107 1586 175 1648 dein
208 1584 361 1664 Camacas,
392 1587 521 1664 Oranus,
547 1586 690 1663 Autacas,
719 1584 867 1663 hieracas,
904 1583 1123 1667 Cantiocaptas‚

108 1669 301 1747 Agamathas,
325 1669 427 1748 Picos,
448 1670 644 1748 Rymosolos,
667 1671 914 1747 Acascomarcos,
935 1678 965 1729 et
992 1670 1029 1729 ad
1055 1673 1124 1748 iuga

110 1752 230 1813 Caucasi
255 1753 395 1830 lcatalas,
431 1754 619 1831 lmadochos,
650 1752 776 1832 Ramos,
808 1754 967 1830 Anclaoas,
996 1754 1122 1831 Tydios,

110 1836 311 1912 Carastaseos,
326 1838 513 1898 Anthiandas.
536 1837 664 1916 Lagnum
675 1856 786 1898 amnem
798 1856 836 1898 ex
844 1837 990 1898 montibus
1001 1835 1123 1898 Catheis

108 1923 138 1981 in
156 1937 241 2000 quem
262 1921 369 1982 delluat
386 1920 535 2001 Opharus,
558 1922 599 1982 ibi
621 1930 726 2000 gentes
747 1919 926 1999 Cauthadas,
953 1920 1121 2000 Opharitas,
1134 1941 1159 1982 ao

109 2023 207 2065 amnes
222 2004 438 2083 Menotharum,
462 2006 585 2082 Imityeu
603 2025 641 2066 en
662 2005 807 2067 montibus
826 2003 944 2081 Cissiis,
968 2007 1047 2066 inter
1062 2006 1122 2085 Ag·

109 2088 199 2163 deos,
215 2086 342 2164 Carnas,
358 2088 542 2165 Oscardeos,
558 2089 700 2167 Accisos,
717 2087 847 2166 Gabros,
864 2088 1015 2166 Gegaros,
1032 2092 1123 2151 circa·

57 2181 91 2233 22
107 2190 164 2250 que
176 2171 287 2230 iontem
307 2170 417 2247 Imityis
435 2172 556 2247 imityos
574 2180 604 2231 et
624 2173 800 2251 Apartaeos.
836 2173 885 2233 alii
906 2172 1062 2235 induxisse
1084 2192 1121 2235 eo

109 2253 231 2332 Scythas
254 2253 418 2331 Auchetas,
440 2255 623 2332 Atherueos,
647 2256 840 2335 Asampatae,
863 2257 898 2317 ab
919 2258 963 2317 his
985 2257 1121 2319 Tanaitas

109 2348 140 2399 et
152 2338 296 2417 Inapaaos
311 2340 417 2399 viritim
432 2339 559 2401 deletos.
594 2339 680 2418 aliqui
697 2339 802 2400 flumen
819 2339 971 2401 Ocharium
988 2341 1049 2402 labi
1068 2362 1122 2423 per
1134 2359 1157 2402 aa

110 2421 245 2483 Canticos
270 2431 300 2483 et
326 2423 458 2502 Sapeos,
492 2422 600 2485 Tanain
630 2442 701 2484 vero
737 2426 880 2484 transisse
911 2423 1121 2503 Satharcheos,

108 2506 300 2583 Herticheos,
317 2507 528 2587 Spondolioos,
547 2507 719 2585 Synhietas,
735 2508 863 2585 Auasos,
881 2508 979 2584 lssos,
997 2507 1122 2572 Cataee-

109 2599 170 2667 tas,
197 2590 344 2668 Tagoras,
373 2590 524 2671 Caronos,
552 2591 698 2673 Neripos,
727 2592 904 2671 Agandeos,
933 2590 1122 2672 Mandareos,

108 2672 322 2749 Satharcheos,
339 2676 472 2752 Spaleos.

57 2763 103 2818 23.
171 2753 201 2816 8.
221 2752 282 2833 (8.)
304 2756 426 2817 Peracta
448 2768 494 2819 est
519 2761 643 2820 interior
665 2777 716 2820 ora
737 2779 754 2820 a
775 2757 829 2821 Cio
850 2778 932 2821 amne
958 2778 1122 2842 omnesque
1135 2781 1160 2822 ao

108 2838 243 2915 accolae,
261 2856 336 2899 nuno
351 2841 488 2901 reddatur
503 2845 606 2920 iugens
622 2845 651 2903 in
667 2842 884 2904 mediterraneo
900 2846 997 2922 sinus,
1014 2846 1045 2905 in
1062 2865 1121 2925 quo

108 2922 195 2984 multa
210 2925 296 2984 aliter
309 2942 344 2985 ao
365 2933 484 2986 veteres
504 2926 684 3005 proditurum
698 2946 744 2987 me
760 2945 818 2987 nou
837 2945 873 2987 eo
889 2928 1013 3005 infitias,
1035 2933 1122 2990 auxia

108 3010 269 3086 perquisita
288 3027 356 3068 cura
370 3009 459 3069 rebus
474 3027 566 3087 nuper
584 3012 614 3070 iu
633 3029 669 3072 eo
686 3013 742 3070 situ
759 3014 853 3088 gestis
869 3030 885 3071 a
901 3011 1030 3072 Domitio
1048 3011 1121 3075 Cor·

108 3091 216 3152 buloue
232 3093 411 3172 regibusque
429 3094 495 3154 inde
517 3094 613 3154 missis
630 3095 808 3174 supplicibus
829 3104 878 3155 aut
898 3114 1000 3172 regum
1016 3096 1120 3158 liberis

57 3183 91 3234 24
109 3175 269 3238 obsidibus.
315 3179 461 3238 ordiemur
490 3186 584 3238 autem
616 3196 632 3237 a
665 3176 867 3258 Cappadocum
897 3187 996 3258 gente.
1044 3179 1157 3242 Lon-an

108 3261 228 3335 gissime
244 3261 316 3322 haec
327 3261 510 3322 Ponticarum
527 3263 650 3321 omnium
665 3265 808 3324 introrsus
820 3264 963 3324 recedens
975 3264 1120 3326 minorem

59 3382 60 3387 κ
108 3341 274 3405 Armeniam
301 3347 498 3425 maioremque
526 3354 555 3406 et
584 3344 799 3423 Commagenen
825 3347 911 3408 laevo
939 3364 993 3407 suo
1022 3347 1119 3410 latere

108 3430 227 3505 transit,
253 3429 357 3491 dextro
376 3448 447 3490 vero
466 3449 566 3490 omnes
588 3431 617 3488 iu
637 3431 709 3490 Asia
731 3430 821 3493 dictas
835 3440 963 3511 gentes,
984 3429 1119 3510 plurimis
