2400 3856
309 159 390 206 unu.
406 158 498 207 uren.
514 159 579 205 1111.
594 153 681 204 5—7.
699 145 820 225 (ct—11.)
1011 143 1073 209 159

61 314 192 392 Dipsium
218 312 325 390 Argos.
354 320 458 391 portus
482 312 671 389 Schoenitas,
704 314 785 372 sinus
816 313 971 372 Saronicus
1003 312 1072 373 olim

61 415 174 477 querno
194 414 316 457 nemore
336 397 504 470 redimitus,
526 395 601 456 unde
625 412 730 455 nomen
750 398 789 455 ita
810 394 931 456 Graecia
955 399 1071 474 antiqua

61 478 1070 641 ttttllttutttt'tu,lut,ltlttttttllttslittltt}

24 664 39 705 a
61 657 92 707 et
112 647 296 726 bucephalus
319 606 350 706 e't
370 664 441 724 quas
464 663 551 723 supra
569 645 733 705 dixeramus
756 606 943 721 G’enchreae,
970 645 1069 706 Isthmi
1083 669 1106 705 ro

60 748 128 808 pers
143 731 233 791 altera
246 748 309 791 cum
321 729 444 790 delubro
453 727 580 807 Neptuni
590 729 851 808 quinquennalibus
863 730 972 788 incluto
985 729 1068 789 ludis.

61 813 118 874 'lot
133 818 232 875 sinuus
246 813 445 891 Peloponnesi
468 829 547 872 oram
563 813 726 888 lancinant,
747 821 792 872 tot
807 815 894 872 maria
917 813 1069 889 adlatrant,
1087 819 1122 871 ra

61 898 201 975 siquidem
217 916 232 958 a
249 898 452 976 septentrione
468 896 578 956 lonium
593 897 740 974 inrumpit,
755 897 789 956 ab
803 896 955 957 occidente
968 895 1068 957 Siculo

60 981 201 1060 pulsatur,
217 1001 233 1041 a
247 981 368 1042 meridie
385 978 503 1041 Cretico
522 990 671 1058 urguetur,
687 979 723 1040 ab
739 982 854 1040 oriente
870 979 991 1040 brumali
1009 979 1069 1040 Ae·

19 1083 46 1122 ro
59 1083 148 1143 gaeo,
163 1065 198 1125 ab
216 1067 330 1125 oriente
346 1065 492 1125 solstitiali
505 1062 623 1141 Myrtoo
641 1062 717 1142 quod
732 1081 747 1123 a
760 1063 909 1142 Megarico
925 1065 1069 1142 incipiens

59 1151 123 1208 sinu
139 1157 227 1209 totam
242 1148 361 1208 Atticen
377 1148 473 1210 adluit.

122 1231 152 1292 6.
177 1231 259 1312 (10.)
281 1230 497 1292 Mediterranea
518 1234 582 1292 eius
602 1230 725 1292 Arcadia
746 1234 869 1292 maxime
885 1240 967 1292 tenet
989 1232 1067 1291 undi-
1085 1238 1120 1291 ao

60 1332 117 1391 que
136 1333 152 1373 a
167 1318 238 1373 mari
254 1323 377 1392 remota,
392 1316 475 1374 initio
490 1312 665 1389 Drymodes,
680 1332 750 1374 mox
763 1313 896 1389 Pelasgis
912 1314 1068 1393 appellata.

61 1396 173 1475 Oppida
189 1399 251 1456 eius
268 1397 411 1475 Psophis,
430 1396 591 1472 Mantinea,
613 1396 828 1474 Stymphalum,
846 1397 962 1474 Tegea,
987 1398 1069 1458 Anti-

19 1495 45 1535 ¹⁵
58 1498 174 1624 itit
199 1478 1069 1624 illiti?tlttitoltt¹¹btrtttlltlt

60 1607 219 1726 Thelpu'sa,
230 1581 412 1724 MgMagneae',
428 1582 665 1723 Herdeasrytae,
681 1606 812 1724 Pallene,
826 1607 937 1726 Agdae,
953 1607 1069 1726 Epium:

61 1730 242 1806 Cynaethae,
259 1729 374 1808 beprae
389 1729 545 1804 Arcadiae,
559 1727 754 1807 Parthenium,
766 1731 852 1807 Alea,
864 1731 1069 1808 Methydrion,

60 1813 188 1892 Enispe,
208 1813 375 1889 Macistum,
389 1812 524 1890 Lampia,
540 1810 708 1889 Clitorium,
726 1813 867 1876 Cleonae.
900 1818 978 1875 inter
993 1833 1069 1894 quae

19 1914 45 1953 ao
60 1897 117 1956 doo
140 1898 246 1975 oppida
269 1899 354 1974 regio
371 1895 482 1960 Nemea
500 1905 546 1957 est
569 1905 598 1956 et
617 1894 800 1958 Bembinedia
816 1901 953 1959 vocitata.
985 1897 1066 1958 Mon·
1087 1907 1118 1959 tl

60 1982 150 2040 tesia
168 1980 292 2041 Arcadia
307 1980 419 2041 Pholoe
435 1999 498 2040 cunr
513 1980 633 2059 oppido,
650 1983 720 2042 item
736 1979 875 2060 Cyllene,
889 1980 1020 2057 Lycaeus
1039 1985 1070 2043 in

59 2082 118 2142 quo
128 2063 234 2141 Lycaei
250 2064 329 2125 lovis
340 2065 502 2140 delubrum,
513 2063 673 2140 Maenalus,
685 2065 872 2141 Artemisius,
884 2065 1068 2144 Parthenius,

58 2147 212 2227 Lampous,
221 2148 374 2226 Nonacris,
392 2156 569 2230 praeterque
588 2149 735 2227 ignobiles
754 2157 830 2208 octo.
860 2167 957 2209 amnes
969 2149 1070 2209 Ladon

18 2329 45 2370 ,ὅ
58 2251 88 2373 l„
101 2231 251 2393 illidii
264 2232 400 2376 Mittit
420 2231 1068 2393 littttltttrttttlitttutttlt
1085 2325 1119 2375 22

59 2395 248 2475 Alipheraei,
270 2397 419 2471 Abeatae‚
442 2396 629 2474 Pyrgenses,
651 2398 844 2474 Paroreatae,
864 2399 1067 2476 Parageuitae,

60 2479 199 2556 Tortuni,
219 2480 366 2558 Typanei,
385 2479 529 2555 Pbriusii,
551 2478 723 2541 Tritienses.
760 2478 924 2541 Universae
938 2481 1067 2557 Achaiae

59 2563 226 2624 libertatem
242 2563 384 2624 Domitius
399 2562 480 2623 Nero
496 2562 585 2623 dedit.
607 2562 830 2642 Peloponnesus
846 2566 874 2624 in
890 2565 1068 2625 latitudinem

58 2666 74 2706 a
90 2648 290 2724 promunturio
301 2646 414 2708 Maleae
430 2646 466 2706 ad
481 2645 616 2725 oppidum
633 2647 758 2724 Aegium
775 2645 950 2708 Corinthiaci
968 2651 1067 2710 sinuus
1146 2642 1151 2649 ’

20 2747 45 2786 oo
61 2729 138 2791 CXC
156 2730 185 2791 M
204 2749 282 2809 pass.
300 2737 447 2810 patet,·at
468 2731 497 2789 in
519 2738 716 2791 transversum
736 2731 772 2791 ab
793 2731 877 2791 Elide
893 2731 1067 2810 Epidaurum

59 2813 166 2874 CXXV
185 2814 230 2892 M,
254 2815 290 2876 ab
313 2813 445 2894 Olympia
465 2814 566 2891 Argos
587 2833 642 2893 per
666 2814 816 2875 Arcadiam
837 2814 954 2876 LXVlll
969 2815 1009 2890 M,
1030 2815 1065 2875 ab

58 2898 162 2958 eodem
178 2898 244 2959 loeo
260 2898 294 2960 ad
306 2898 405 2975 Pylum
421 2899 478 2957 iam
495 2897 569 2957 dicta
580 2915 714 2958 mensura
730 2908 784 2959 est.
807 2902 942 2960 universa
958 2908 1064 2975 autem,
1079 2921 1102 2957 m

58 2980 139 3041 velut
153 2991 295 3058 pensante
312 2999 472 3061 aequorum
487 2982 639 3042 incursurus
654 2991 772 3059 natura,
794 2983 823 3042 in
838 2991 952 3042 montes
968 2980 1009 3041 Vl
1027 2991 1068 3041 at·
1120 3046 1121 3051 η

57 3083 114 3143 que
129 3062 209 3124 LXX
223 3065 382 3127 extollitur.

14 3161 43 3202 aa
121 3146 150 3209 l.
171 3147 254 3226 (11.)
269 3148 317 3208 Ab
333 3147 434 3208 lsthml
453 3150 594 3225 angustiis
611 3148 711 3209 Hellas
732 3150 833 3227 incipit
850 3150 959 3209 nostris
977 3146 1064 3207 Grae·
1082 3155 1115 3208 23

56 3234 101 3292 cia
127 3231 283 3309 appellata.
324 3231 358 3292 lu
379 3251 414 3293 ea
441 3239 531 3311 prima
553 3233 653 3293 Attice
673 3230 829 3310 antiquitus
852 3231 927 3292 Acte
952 3240 1064 3292 vocata.
1157 3236 1162 3245 '

56 3315 183 3392 Attingit
198 3314 334 3376 Isthmum
348 3324 432 3395 parte
449 3317 494 3375 sui
510 3335 583 3394 quae
600 3315 763 3396 appellatur
775 3315 903 3392 Megaris
918 3333 934 3374 a
949 3315 1065 3375 colonia

55 3396 190 3477 Megara,
214 3418 231 3460 e
253 3402 378 3477 regione
403 3399 553 3477 Pagarum.
588 3400 645 3461 duo
668 3401 742 3461 haec
764 3400 869 3480 oppida
890 3407 1064 3460 excurrente
