2400 3856
374 180 454 228 1111.
479 181 570 229 11111.
595 181 618 226 1.
644 167 713 244 (vn.
738 167 827 241 v111.)
1066 160 1107 225 15

89 331 304 413 Xenophonte,
324 332 517 411 Callimacho,
533 333 715 411 Democrito,
731 332 830 410 Diyllo
845 333 1005 409 historico,
1026 331 1107 391 Stra·

91 426 162 477 tone
188 419 236 495 qui
256 428 356 478 contra
377 417 489 496 Ephori
511 410 680 498 εὑρήματα
695 418 831 495 scripsit,
856 415 1011 476 Heraclide
1031 415 1107 474 Pon·

90 503 161 577 tico,
174 500 414 580 Asclepiadequi
426 498 699 584 τραγῳδούμενα,
711 500 953 578 Philostephano,
965 498 1107 576 Hegesia,

90 584 305 662 Archemacho,
321 584 500 661 Thucydide,
519 584 728 662 hlnesigitone,
746 583 915 660 Xenagora,
933 582 1107 643 lletrodoro

66 668 236 747 sScepsio,
257 668 422 744 Anticlide,
446 666 626 729 Critodemo.

154 751 244 812 Libro
270 752 348 812 Vlll.
385 754 587 812 continentur:
620 750 757 830 (1-11)
786 750 830 811 De
856 750 1020 827 elephantis
1047 743 1109 835 (de

91 855 181 896 sensu
203 852 322 913 eorum,
361 833 390 896 2.
416 836 530 913 quando
554 838 675 914 primurn
696 837 803 912 iuncti,
834 833 864 896 3.
894 835 930 894 de
956 833 1108 893 docilitate

92 937 211 995 eorum,
245 917 274 980 4.
291 919 433 980 mirabilia
453 922 482 979 in
498 920 583 981 lactis
600 938 711 980 eorum.
754 917 783 982 5.
807 919 961 979 denatura
980 919 1109 977 ferarum

91 1002 127 1062 ad
144 1003 275 1080 pericula
290 1022 341 1063 sua
360 1004 568 1082 intellegenda.
598 1001 626 1065 6.
645 1004 758 1083 quando
774 1005 895 1082 primum
910 1004 938 1060 in
953 1001 1037 1061 ltalia
1052 1002 1108 1061 visi

55 1086 253 1165 aoelephanti.¹
296 1086 323 1149 t.
346 1106 462 1167 pugnae
484 1106 594 1149 eorum.
640 1086 668 1150 8.
695 1088 798 1167 quibus
824 1087 917 1147 modis
947 1087 1109 1164 capiantur,

92 1168 121 1234 9.
143 1171 249 1249 quibus
270 1171 435 1233 domentur.
473 1170 522 1234 10.
546 1171 582 1232 de
598 1180 682 1251 partu
703 1190 803 1232 eorum
818 1180 846 1231 et
864 1171 976 1248 reliqua
997 1179 1107 1230 natura.

92 1254 142 1317 11.
159 1255 208 1315 ubi
224 1264 387 1316 nascantur.
420 1255 566 1317 discordia
581 1274 682 1316 eorum
699 1264 729 1316 et
746 1250 933 1397 draconum&
969 1251 1042 1332 (12)
1063 1252 1108 1314 De

92 1339 228 1400 sollertia
243 1340 413 1400 animalium.
446 1339 519 1418 (13)
534 1340 580 1400 De
597 1340 780 1400 draconibus.
809 1337 881 1415 (14)
930 1339 1110 1414 iraemagni·

91 1423 208 1483 tudines
224 1426 413 1502 serpentium.
449 1423 520 1504 (15)
538 1423 582 1485 De
599 1424 743 1500 Scythicis
758 1422 941 1497 animalibus,
959 1422 995 1480 de
1011 1420 1109 1481 bison-

57 1526 83 1570 rs
93 1507 189 1585 tibus,
211 1508 281 1567 uris.
321 1508 393 1588 (16)
414 1509 450 1568 de
468 1507 768 1585 septentrionalibus,
785 1506 865 1583 alce,
883 1504 969 1581 achli,
986 1505 1108 1563 bonaso.

94 1588 255 1671 (lt-21)
272 1592 318 1651 De
336 1592 471 1652 leonibus
497 1589 666 1681 (quomodo
687 1594 851 1669 gignantur.
889 1586 936 1650 18.
960 1606 1034 1666 quae
1058 1607 1110 1665 ge·

91 1694 166 1736 nera
194 1692 304 1736 eorum.
343 1675 491 1756 aequae
520 1678 640 1754 propria
663 1685 791 1736 naturae.
833 1672 882 1735 20.
913 1674 978 1752 quis
1001 1673 1109 1749 primus

92 1760 336 1819 leontomachiam
350 1760 473 1837 Romae,
488 1762 553 1839 quis
571 1759 712 1838 plurimos
728 1762 758 1819 in
774 1778 808 1819 ea
823 1759 927 1818 leones
946 1757 1108 1815 donaverit.

92 1841 144 1905 21.
169 1844 233 1920 quis
256 1846 365 1922 primus
388 1845 492 1905 leones
516 1845 676 1920 domuerit,
700 1845 764 1921 quis
786 1844 893 1920 primus
916 1839 1110 1904 Romanorum

57 1953 84 1994 20
94 1929 232 1988 iunxerit.
256 1928 398 1989 mirabilia
410 1931 440 1989 in
455 1929 573 1990 leonum
587 1923 703 2014 lactis).
736 1924 806 2007 (22)
819 1929 842 1988 h
856 1926 982 1985 dracone
995 1925 1111 2000 agnitus

94 2020 127 2073 et
145 2019 288 2071 servatus.
318 2011 386 2092 (23.
399 2011 457 2094 24)
472 2014 517 2075 De
529 2012 678 2093 pantheris
697 2004 768 2097 (24.
783 2008 1067 2071 senatusconsultum
1081 2016 1111 2067 et

93 2096 181 2173 leges
196 2095 233 2155 de
249 2096 405 2157 Africanis.
437 2103 500 2175 quis
517 2099 624 2177 primus
641 2095 752 2155 Romae
768 2096 919 2155 Africanas
940 2101 970 2152 et
985 2092 1110 2170 quando,

94 2182 160 2258 quis
182 2175 353 2265 plurimas).
397 2180 470 2261 (25)
495 2182 531 2242 de
553 2181 686 2258 tigribus.
721 2180 834 2258 quando
857 2181 979 2258 primum
999 2176 1111 2236 Romae

94 2265 161 2323 uisa
172 2265 268 2341 tigris.
293 2265 328 2324 de
343 2274 443 2325 natura
456 2285 561 2325 earum.
589 2262 663 2343 (26)
676 2264 712 2324 de
724 2265 851 2322 camelis.
874 2280 986 2339 genera
1000 2279 1110 2319 eorum.

59 2345 173 2427 as(27)
196 2347 232 2407 de
254 2348 487 2428 camelopardali.
520 2349 634 2426 quando
657 2350 779 2426 primum
801 2346 998 2405 Romaevisa.
1039 2340 1111 2421 (28)

97 2432 136 2492 de
154 2430 262 2490 chama.
296 2432 333 2493 de
349 2432 462 2511 cephis.
501 2431 573 2510 (29)
595 2431 631 2491 de
648 2431 845 2491 rhinocerote.
882 2426 955 2507 (30)
973 2426 1009 2486 de
1027 2426 1113 2501 lynce

98 2522 131 2576 et
145 2513 328 2593 sphingibus.
361 2516 397 2576 dc
416 2519 568 2577 crocottis.
604 2515 640 2574 de
656 2513 880 2592 cercopithecis.
918 2510 991 2591 (31)
1013 2509 1113 2569 lndiae

97 2601 255 2660 terrestria
269 2601 411 2677 animalia,
440 2599 516 2681 (32)
533 2603 602 2660 item
617 2599 807 2677 Aethiopiae.
835 2595 929 2656 bestia
945 2597 1011 2655 uisu
1025 2597 1116 2655 inter·

97 2684 211 2743 ficiens.
240 2681 310 2764 (33)
325 2684 369 2745 De
385 2685 530 2745 basiliscis
547 2683 743 2761 serpentibus.
776 2677 848 2759 (34)
864 2680 908 2740 De
921 2681 1007 2759 lupis.
1037 2678 1112 2738 unde

62 2766 197 2830 toiabula
225 2769 435 2847 versipellium.
485 2768 557 2849 (35)
590 2767 775 2847 Serpentium
804 2783 923 2843 genera.
973 2763 1046 2842 (36)
1069 2763 1113 2822 De

97 2852 304 2913 ichneumone.
340 2852 413 2934 (37)
436 2856 472 2913 de
489 2852 649 2914 crocodilo.
683 2849 756 2931 (38)
782 2851 818 2910 de
838 2852 948 2909 scinco.
986 2847 1059 2926 (39)
1076 2846 1113 2905 de

98 2935 321 3015 hippopotamo.
361 2936 432 3018 (40)
460 2939 524 3014 quis
545 2939 654 3015 primus
679 2935 843 2996 ostenderit
861 2952 925 2994 eum
947 2932 1058 2991 Rornae
1084 2937 1114 2987 et

98 3019 289 3081 crocodilum.
330 3019 403 3101 (41)
424 3020 587 3081 Medicinae
608 3020 643 3081 ab
666 3019 834 3079 animalibus
857 3025 1003 3095 repertae.
1040 3009 1113 3091 (42)

97 3103 296 3181 Prognostica
322 3105 519 3184 periculorum
547 3123 586 3166 ex
612 3103 789 3164 animalibus.
836 3099 910 3179 (43)
939 3097 1048 3158 Gentes
1077 3096 1114 3155 ab

64 3187 271 3249 reanimalibus
287 3190 429 3252 sublatae.
467 3187 637 3269 (44-45)
662 3188 706 3249 De
732 3188 853 3263 hyaenis
883 3179 956 3269 (45.
980 3182 1015 3241 de
1031 3197 1115 3241 coro·

98 3273 200 3334 cottis.
231 3272 267 3332 de
287 3271 507 3360 mantichoris).
551 3273 623 3353 (46)
645 3273 690 3333 De
713 3272 841 3348 onagris.
882 3264 1050 3346 (ot—49)
1069 3264 1115 3324 De

98 3357 242 3437 aquaticis
260 3366 289 3417 et
304 3358 405 3419 iisdem
421 3360 613 3419 terrestribus
633 3351 691 3443 (de
708 3355 807 3429 libris,
826 3354 862 3412 de
879 3353 974 3428 lutris,
997 3349 1061 3431 [48.
1079 3349 1115 3409 de

98 3444 180 3504 ranis
199 3441 338 3524 rubetis,]
362 3441 413 3506 49.
430 3444 466 3504 de
482 3442 576 3503 vitulo
592 3444 719 3519 marino,
737 3438 774 3499 de
803 3431 1009 3523 stelionibus).
1042 3432 1115 3513 (50)
