2400 3856
97 189 138 249 db
466 197 496 246 c.
514 198 611 244 cumr
626 196 776 244 succum

101 356 148 414 17.
167 352 385 431 leucophorum.
413 350 462 412 18.
478 351 687 413 Paraetonium.
715 349 761 410 19.
775 348 920 410 Melinum.
937 351 1100 412 medicinae

100 456 138 497 ex
155 454 191 496 eo
202 436 251 495 vl.
271 453 399 495 cerussa.
423 434 473 495 29.
490 444 562 496 usta.
586 433 867 494 enumerarem.
884 433 1045 495 medicinae
1063 454 1101 494 ex

99 539 134 580 aa
149 518 198 580 Vl.
229 518 280 577 22.
299 518 467 579 sandaraca.
500 517 549 579 23.
568 518 688 592 sandyx.
715 515 766 576 24.
788 517 929 592 Syricum.
957 516 1007 576 25.
1025 528 1100 579 4144-

96 612 231 663 mentum.
250 600 300 664 26.
315 602 521 681 purpurissum.
539 600 588 662 27.
601 600 738 661 Indicum.
757 600 918 661 medicinae
935 618 972 659 ex
985 618 1022 660 eo
1034 600 1098 662 llll.

98 687 148 748 28.
164 685 341 758 Armenium,
355 685 497 746 medicina
516 703 553 744 ex
569 699 605 744 eo
620 683 643 761 l,
672 683 722 744 29.
739 684 830 742 viride
846 683 1019 763 Appianum.
1049 685 1125 746 30.t
1175 706 1176 711 ¹

98 764 249 855 anulare).
280 769 353 848 (31)
373 767 428 842 oui
449 768 568 828 colores
583 767 640 827 udo
656 785 713 826 nou
728 767 905 827 inducantur.
939 767 1012 847 (32)
1031 768 1099 841 Qui-

98 854 152 914 bus
168 851 316 913 coloribus
329 852 436 930 antiqui
451 852 605 930 pinxerint.
635 849 707 929 (33)
721 849 843 924 Quando
859 851 976 929 primum
988 852 1100 929 gladia·

96 946 190 998 torum
201 954 316 1015 pugnae
332 936 429 1014 pictae
443 944 473 994 et
488 934 658 1013 propositae
675 934 739 994 siut.
769 933 983 1013 (34-41)1)4
1002 945 1100 995 aetate

98 1022 239 1100 picturae.
268 1036 389 1097 operum
405 1026 434 1077 et
452 1017 591 1078 artilicum
605 1017 634 1076 in
651 1018 763 1096 pictura
782 1018 950 1079 nobilitates
971 1016 1101 1078 CGCGV

98 1099 170 1190 (35.
190 1104 320 1181 picturae
343 1101 464 1180 primum
487 1109 643 1162 certamen.
674 1102 724 1163 36.
742 1101 791 1162 37.
809 1103 857 1181 qui
882 1101 1021 1180 penicillo
1038 1104 1097 1182 piu·
1110 1111 1135 1154 1⁰

97 1189 200 1246 xeriut.
232 1182 281 1246 38.
300 1183 337 1243 de
360 1185 453 1244 auium
475 1193 559 1245 cantu
584 1185 802 1263 conpescendo.
836 1185 886 1246 39.
905 1186 956 1246 49.
980 1187 1031 1245 41.
1052 1188 1101 1264 qui

99 1277 238 1330 encausto
254 1275 301 1328 aut
319 1269 396 1327 ceris
409 1268 459 1329 vel
488 1277 585 1328 cestro
608 1269 658 1328 vel
682 1269 821 1347 penicillo
838 1268 992 1347 pinxerint.
1024 1288 1099 1348 quae

98 1355 162 1433 quis
178 1354 285 1430 primus
300 1353 442 1413 invenerit
456 1353 485 1411 in
502 1352 622 1430 pictura.
640 1352 708 1430 quid
724 1351 922 1413 difficillimum
934 1354 963 1413 in
977 1353 1098 1431 pictura.

98 1437 135 1497 de
148 1435 304 1514 generibus
318 1436 457 1513 picturae.
475 1436 538 1516 quis
554 1436 661 1516 primus
672 1435 818 1496 lacunaria
829 1437 964 1514 pinxerit,
982 1436 1099 1516 quando

97 1521 218 1599 primum
241 1537 372 1580 camarae
389 1519 496 1598 pictae.
523 1521 617 1598 pretia
633 1518 773 1580 mirabilia
789 1520 973 1598 picturarum.
1005 1520 1041 1580 de
1057 1530 1098 1580 ta·
1111 1533 1134 1574 15

97 1599 210 1679 lento).
242 1602 314 1677 (43)
333 1602 474 1663 Ρ14441444
490 1603 572 1680 primi
595 1605 771 1663 inventores.
805 1603 877 1680 (44)
905 1605 969 1680 quis
991 1605 1100 1680 primus

97 1706 136 1749 ex
149 1687 222 1747 facie
245 1687 398 1762 imaginem
413 1687 605 1763 expresserit.
646 1683 718 1764 (45)
735 1684 902 1746 nobilitates
918 1684 1059 1745 artiiicum
1074 1688 1104 1743 in

96 1771 220 1850 plastice
236 1767 329 1830 Xllll.
357 1765 429 1846 (46)
450 1767 494 1828 De
520 1768 627 1846 figlinis
647 1768 795 1847 operibus.
819 1768 855 1828 de
880 1768 1017 1845 Signinis.
1047 1765 1103 1847 (47

100 1854 197 1934 -58)
217 1853 328 1915 Terrae
345 1856 502 1915 varietates
522 1853 582 1955 (de
600 1854 721 1934 pulvere
739 1852 897 1915 Puteolano
915 1861 944 1911 et
959 1852 1023 1914 aliis
1040 1861 1098 1912 ter·

99 1957 149 1998 rae
167 1937 325 2014 generibus
341 1956 415 2016 quae
437 1939 466 1997 in
489 1939 615 2017 laprdem
629 1945 786 1998 vertuntur.
815 1935 866 1997 48.
885 1936 921 1996 de
938 1935 1134 2014 parietibusao

99 2021 267 2096 formaceis,
296 2021 346 2080 49.
372 2021 409 2080 de
432 2020 569 2081 latericiis
590 2030 619 2081 et
640 2022 676 2080 de
703 2021 824 2080 laterum
839 2020 960 2081 ratione.
994 2020 1045 2080 59.
1063 2018 1099 2079 de

100 2101 218 2179 sulpure
236 2111 265 2160 et
280 2102 438 2178 generibus
452 2105 526 2175 eius,
542 2104 700 2165 medicinae
716 2102 809 2166 XIIll.
840 2104 890 2164 51.
910 2103 946 2163 de
962 2102 1100 2163 bitumine

101 2194 130 2245 et
145 2183 303 2261 generibus
319 2185 391 2263 eius,
412 2186 573 2248 medicinae
588 2185 707 2247 XXVll.
741 2186 790 2246 52.
811 2187 848 2249 de
864 2187 987 2250 alumine
1004 2195 1033 2247 et
1048 2204 1099 2262 ge-

100 2267 219 2327 neribus
235 2268 307 2342 eius,
323 2268 485 2330 medicinae
501 2288 539 2331 ex
554 2288 591 2331 eo
602 2269 762 2331 XXXVlll.
780 2271 831 2333 53.
850 2269 887 2332 de
904 2279 982 2330 terra
993 2270 1097 2341 Samia,

100 2351 262 2412 medicinae
284 2370 322 2412 ex
343 2370 377 2413 ea
397 2351 447 2415 lll.
479 2355 529 2414 54.
554 2355 688 2414 Eretriae
710 2363 807 2415 terrae
831 2372 950 2431 genera.
985 2353 1035 2414 55.
1062 2352 1134 2411 deas

101 2445 178 2495 terra
199 2435 234 2495 ad
249 2435 419 2496 medicinam
440 2438 570 2499 lavanda.
601 2438 651 2499 56.
674 2436 711 2497 de
734 2436 805 2499 Chia
822 2447 910 2508 terra,
936 2436 1099 2497 medicinae

102 2537 140 2578 ex
157 2536 192 2577 44
209 2517 259 2578 lll.
285 2519 321 2580 de
344 2520 499 2596 Selinusia,
524 2523 685 2583 medicinae
709 2540 746 2597 ex
768 2539 802 2582 ea
818 2519 869 2582 lll.
894 2520 930 2580 de
948 2519 1096 2598 pnigitide.

101 2601 262 2661 medicinae
279 2620 317 2660 ex
332 2621 367 2663 ea
382 2603 473 2666 Vllll.
503 2606 540 2665 de
554 2604 731 2684 ampelitide,
752 2605 912 2665 medicinae
927 2621 966 2662 ex
982 2620 1017 2662 ea
1032 2598 1097 2662 llll.

101 2685 151 2744 57.
172 2691 270 2742 cretae
279 2684 315 2744 ad
327 2689 451 2746 vestium
461 2703 561 2745 usuus.
575 2687 704 2763 cimolia,
721 2686 882 2749 medicinae
900 2705 938 2746 ex
954 2704 989 2746 ea
1003 2683 1098 2759 Vllll,

102 2765 209 2840 Sarda,
226 2763 380 2842 Umbrica,
397 2786 505 2828 saxum.
535 2769 585 2831 58.
602 2771 774 2846 argentaria.
808 2774 856 2850 qui
874 2780 903 2831 et
930 2787 1052 2847 quorum
1067 2768 1135 2827 li-so

102 2848 178 2909 berti
193 2855 414 2927 praepotentes.
446 2852 496 2912 59.
512 2860 590 2912 14444
606 2871 644 2912 ex
660 2851 775 2928 Galata,
792 2864 870 2914 terra
883 2853 1005 2932 Clupea,
1022 2861 1101 2912 terra

9 3004 13 3011 Ι
102 2932 262 3008 Baliarica,
277 2939 355 2992 terra
371 2931 538 3012 Ebusitana,
560 2937 720 2998 medicinae
740 2956 777 2997 ex
793 2940 836 2996 eis
851 2936 907 2998 llll
932 2981 940 2994 .
971 2938 1101 2997 Summa:

102 3016 264 3076 medicinae
281 3024 310 3075 et
324 3015 462 3079 historiae
478 3028 508 3078 et
523 3019 745 3081 obseruationes
759 3019 910 3081 DGCGGL
954 3064 961 3079 .

166 3099 211 3160 Ex
230 3099 410 3161 auctoribus:
440 3101 567 3164 Messala
590 3113 724 3180 oratore,
749 3103 877 3166 Messala
894 3123 982 3181 sene,
1008 3103 1102 3164 Fene-

103 3183 199 3259 stella,
220 3184 333 3260 Attico,
351 3183 390 3243 M.
406 3186 556 3263 Varrone,
574 3187 690 3264 Verrio,
707 3186 822 3267 Nepote
840 3187 989 3264 Cornelio,
1005 3187 1102 3246 11444-
1111 3198 1136 3240 ss

103 3264 181 3342 lone,
198 3265 345 3344 Muciano,
361 3267 493 3348 Melisso,
509 3270 657 3348 Vitruvio,
674 3270 777 3333 (tassio
792 3270 1101 3348 Severo,Lougulano,

101 3346 192 3407 Fabio
209 3350 330 3412 Vestale
353 3356 401 3431 qui
426 3356 462 3416 de
487 3356 599 3434 pictura
624 3356 749 3435 scripsit.
780 3354 931 3416 Exteruis:
963 3353 1102 3428 Pasitele,

102 3429 227 3510 Apelle,
256 3432 429 3518 Melanthio,
454 3439 688 3519 Asclepiodoro,
712 3438 920 3518 Euphranore,
941 3438 1103 3499 Heliodoro
