2400 3856
291 159 372 206 unu.
390 161 480 209 rnsr.
496 161 533 206 11.
557 156 676 211 ott-73.
696 146 846 231 (oo-75.)
1035 152 1093 213 105

91 311 253 388 eademque
280 313 308 371 in
330 313 429 374 Sicilia
455 316 601 374 exoriens.
637 315 710 375 solis
732 315 879 375 delectum
899 315 1040 395 Vipstano
1065 327 1095 380 ct

90 395 213 456 Fonteio
227 413 316 471 coss,
336 398 384 474 qui
396 397 480 457 luere
495 408 560 463 ante
574 416 684 476 paucos
697 415 798 474 annos,
815 399 920 459 iactum
936 403 1029 479 pridie
1043 402 1094 461 ka·

90 478 193 538 lendas
207 477 299 538 Maias
316 478 471 558 Campania
486 480 558 542 hora
581 481 638 540 diei
653 483 727 542 inter
750 485 901 560 septimam
918 492 947 542 et
963 494 1095 545 octavam

91 563 196 637 sensit,
222 560 351 622 Corbulo
374 564 432 623 dux
452 567 480 623 in
495 564 631 625 Armenia
655 567 729 625 inter
750 565 851 626 horam
867 567 925 626 diei
957 565 1096 640 decimam

67 655 122 713 set
143 645 322 707 undecimam
344 647 470 726 prodidit
488 649 580 708 visum
604 650 723 709 circuitu
745 649 828 725 globi
850 650 905 710 alia
927 649 991 710 aliis
1014 651 1095 710 dete·

91 739 180 807 gente
198 739 227 790 et
243 731 417 791 occultante.
457 732 572 812 quodsi
588 732 673 811 plana
690 743 769 792 esset
784 743 879 808 terra,
902 734 985 792 simul
1001 735 1097 794 omnia

89 824 267 891 apparerent
289 817 415 892 cunctis,
438 826 600 894 noctesque
621 835 679 876 non
701 817 805 876 tierent
825 816 1002 895 inaequales,
1032 836 1096 877 nam

90 915 186 975 aeque
207 898 271 958 aliis
295 917 379 978 quam
396 901 424 959 in
441 901 537 961 medio
559 901 621 960 sitis
636 902 716 979 paria
733 901 887 960 duodecim
904 900 1038 961 horarum
1054 901 1095 959 in·

90 979 214 1042 terualla
240 994 444 1061 cernerentur,
472 1002 546 1062 quae
570 1002 645 1044 nuno
669 1002 727 1044 non
749 984 778 1044 in
803 985 879 1044 omni
904 993 988 1062 parte
1012 984 1097 1043 simili

55 1065 178 1125 uomodo
195 1075 364 1143 congruunt.

152 1149 202 1207 71.
222 1149 306 1228 (73.)
322 1149 392 1210 ldeo
408 1168 464 1210 nec
479 1168 537 1211 nox
561 1152 700 1230 diesque,
726 1151 854 1231 quamvis
871 1152 989 1226 eadem,
1014 1159 1074 1210 toto
1087 1157 1136 1213 181

92 1231 165 1290 orbe
182 1232 265 1293 simul
282 1244 343 1308 est,
361 1236 496 1313 oppositu
512 1235 593 1311 globi
608 1245 724 1294 noctem
737 1244 784 1294 aut
800 1233 907 1294 ambitu
923 1235 999 1294 diem
1015 1233 1095 1293 adie-

90 1323 185 1374 rente.
212 1316 308 1376 blultis
323 1317 380 1377 boc
396 1320 540 1396 cognitum
556 1319 774 1396 experimentis,
790 1319 819 1375 in
833 1317 934 1378 Africa
947 1317 1096 1397 Hispania·

93 1415 149 1476 qus
167 1401 285 1460 turrium
299 1399 477 1477 Hannibalis,
495 1403 523 1459 iu
538 1400 609 1460 Asia
624 1419 697 1460 vero
712 1402 989 1479 propter‘piraticos
1004 1411 1096 1461 terro-

56 1502 81 1544 ts
92 1501 143 1542 res
169 1484 253 1542 simili
277 1484 459 1562 specularum
480 1485 627 1563 praesidio
652 1485 795 1559 excitato,
820 1485 848 1541 in
869 1484 933 1561 quis
955 1502 1096 1561 praenun-

92 1568 149 1626 tios
165 1567 244 1642 ignes
257 1577 340 1627 sexta
356 1568 428 1630 hora
445 1569 502 1629 diei
518 1585 661 1628 accensos
677 1575 768 1645 saepe
786 1576 956 1646 conpertum
979 1576 1024 1625 cst
1039 1577 1097 1625 ter·

91 1651 131 1709 tia
152 1652 247 1709 noctis
269 1670 285 1711 a
304 1660 389 1729 tergo
412 1653 518 1713 ultimis
540 1653 630 1711 visos.
668 1650 799 1722 eiusde-m
815 1650 975 1709 Alexandri
997 1666 1109 1709 cursor·

92 1732 259 1806 Philonides
282 1753 320 1793 ex
336 1736 463 1811 Sicyone
485 1736 551 1796 Elin
575 1734 654 1794 mille
682 1742 711 1793 et
731 1734 855 1794 ducenta
876 1733 968 1795 stadia
993 1751 1099 1792 novem

94 1818 152 1876 diei
168 1818 294 1877 coniecit
310 1818 405 1895 horis,
426 1819 568 1897 indeque,
593 1818 722 1897 quamvis
740 1816 846 1877 declivi
867 1817 989 1892 itinere,
1014 1817 1099 1876 tertia

55 1913 82 1956 20
93 1902 188 1960 noctis
204 1901 276 1961 hora
286 1920 438 1962 remensus
454 1911 499 1963 est
514 1902 641 1979 saepius.
660 1918 757 1975 causa,
775 1901 852 1980 quod
865 1901 942 1960 eunti
959 1918 1022 1958 curn
1035 1899 1099 1958 sole
1149 1933 1151 1938 ·

90 1985 147 2044 iter
165 1994 237 2061 erat,
258 1987 380 2045 eundem
395 2003 530 2047 remeans
547 1985 663 2045 obvium
683 1985 829 2045 contrario
846 1982 1100 2063 praetervertebat
1176 2046 1179 2051 ,

59 2138 62 2142 ,
91 2087 225 2129 occursu.
252 2088 309 2149 qua
325 2070 361 2130 de
380 2090 467 2132 causa
483 2072 519 2131 ad
535 2087 671 2132 occasum
686 2069 868 2146 navigantes,
887 2068 1017 2146 quamvis
1032 2067 1099 2126 bre·

90 2153 209 2212 vissimo
229 2153 292 2230 die,
315 2156 431 2215 vincunt
453 2156 546 2234 spatia
567 2163 725 2214 nocturnae
747 2153 938 2231 navigationis
955 2161 985 2211 ut
1006 2151 1100 2210 solem

91 2238 184 2315 ipsum
203 2238 382 2297 comitantes.
749 2243 753 2250 '

55 2334 81 2374 25
157 2319 207 2378 72.
225 2320 309 2397 (74.)
327 2320 464 2399 Vasaque
485 2320 682 2399 horoscopica
698 2337 756 2379 uon
773 2320 880 2397 ubique
897 2317 999 2376 eadem
1016 2322 1143 2377 sunt182

91 2403 171 2476 usui,
191 2404 219 2460 in
234 2403 362 2460 trecenis
378 2403 554 2478 stadiisaut
568 2412 598 2463 ut
612 2403 782 2477 longissime
799 2402 827 2459 in
843 2399 1024 2476 quingentis,
1040 2415 1100 2456 mu-

92 2485 219 2547 tantibus
236 2493 329 2542 semet
339 2484 447 2544 umbris
460 2485 542 2544 solis.
561 2484 660 2562 itaque
673 2482 800 2542 umbilici
812 2482 915 2560 (quem
926 2496 1101 2558 gnomonem

93 2566 259 2646 appellant)
284 2566 384 2628 umbra
408 2569 437 2627 in
452 2567 590 2646 Aegypto
612 2565 770 2625 meridiano
786 2574 919 2643 ternpore
935 2564 1101 2642 aequinocti

94 2653 141 2711 die
157 2650 244 2728 paulo
261 2649 326 2729 plus
343 2669 427 2730 quam
443 2651 587 2712 dimidiam
602 2649 753 2727 gnomonis
769 2666 933 2710 mensnram
951 2647 1056 2723 eflicit,
1072 2648 1102 2706 in

56 2755 83 2796 ao
93 2734 166 2794 urbe
183 2734 274 2795 Roma
289 2753 364 2796 nona
381 2755 449 2814 pars
464 2736 616 2813 giromnis
632 2735 717 2794 deest
731 2733 860 2809 umbrae,
877 2734 905 2792 in
921 2732 1029 2811 oppido
1042 2731 1100 2791 An·

94 2836 168 2879 cona
181 2829 318 2899 superest
334 2822 431 2900 quinta
444 2820 608 2895 tricesima,
625 2819 653 2878 in
670 2826 752 2897 parte
768 2817 870 2879 ltaliae
887 2835 961 2896 quae
976 2815 1101 2875 Venetia

92 2903 259 2982 appellatur
274 2905 376 2964 iisdem
392 2906 471 2964 horis
487 2903 587 2964 umbra
599 2903 735 2981 gnomoni
751 2921 804 2981 par
821 2902 860 2961 lit.

154 2987 204 3048 73.
222 2989 306 3068 (75.)
329 2990 420 3049 Simili
441 2988 528 3048 modo
551 2987 664 3046 tradunt
685 2987 713 3044 in
735 2987 832 3061 Syene
851 2983 977 3062 oppido,
1003 2981 1144 3060 quod183

95 3080 140 3130 est
158 3089 246 3149 supra
263 3071 468 3132 Alexandriam
485 3071 610 3150 quinque
631 3069 746 3130 milibus
768 3069 906 3141 stadium,
932 3065 1037 3123 solstiti
1054 3065 1100 3124 die

58 3155 190 3215 semedio
205 3155 312 3214 nullam
327 3155 456 3216 umbram
471 3155 537 3228 iaci,
556 3161 731 3231 puteumque
749 3153 811 3211 eius
828 3149 1020 3226 experimenti
1036 3163 1100 3222 gra·
1134 3193 1137 3200 .

94 3241 132 3298 tia
148 3240 255 3298 factum
277 3247 365 3298 totum
388 3237 556 3298 inluminari.
588 3254 625 3296 ex
644 3253 700 3316 quo
717 3250 860 3314 apparere
877 3241 935 3291 turn
951 3230 1044 3289 solem
1060 3228 1101 3287 illi

94 3321 163 3381 loco
180 3340 268 3400 supra
283 3322 425 3381 verticem
441 3340 525 3396 esse,
543 3320 620 3399 quod
638 3329 666 3379 et
682 3319 711 3377 in
727 3318 806 3378 lndia
823 3333 909 3394 supra
924 3315 1029 3374 llumen
1043 3311 1100 3387 Hy·

92 3407 188 3483 pasim
204 3407 267 3465 fieri
281 3414 415 3485 tempore
432 3405 536 3465 eodem
549 3401 730 3462 Onesicritus
741 3399 851 3459 scribit.
889 3406 1058 3477 constatque
1073 3397 1102 3454 in
