2400 3856
97 166 156 228 100
468 177 499 224 c.
515 177 611 223 annua
627 174 777 223 saeorum

96 336 221 414 undique
238 331 382 393 incumbit.
410 330 484 390 baec
501 340 531 390 ut
547 329 640 391 solida
655 337 742 407 atque
759 329 889 389 conferta
908 329 1036 405 adsurgit
1054 330 1096 388 in·

94 418 267 481 tumescenti
290 415 389 475 similis
413 423 552 492 extraque
571 414 760 493 protenditur.
786 414 931 473 mundus
923 432 951 471 m
968 420 1096 472 centrum

95 503 203 579 vergit,
221 511 249 561 at
263 508 341 559 terra
358 499 417 557 exit
435 517 451 557 a
472 507 573 558 centro
596 497 753 556 inmensum
781 498 844 556 eius
859 495 1001 574 globum
994 515 1021 554 111
1037 497 1096 555 lor·

95 605 168 648 mam
187 584 265 644 orbis
284 582 444 643 adsidua
418 599 497 642 cirea
515 600 578 642 eam
593 581 688 640 mnndi
702 573 882 640 volubilitate
899 589 1034 657 cogente.

53 683 105 740 161
169 669 218 728 65.
237 668 320 745 (65.)
336 666 443 742 Ingens
464 664 511 725 hic
534 683 630 742 pugna
653 664 810 724 litterarum
819 671 986 760 contraque
1004 663 1119 741 volgi,s

92 750 278 813 circumfundi
292 758 389 810 terrae
399 747 524 826 undique
536 747 677 822 homines,
690 746 902 821 conversisque
914 745 991 803 inter
1003 761 1036 803 se
1050 761 1102 820 pe·

93 835 176 896 dibus
189 842 279 910 stare,
293 841 322 893 et
333 833 442 893 cunetis
455 829 577 891 similem
591 847 659 888 esse
671 828 745 887 caeli
753 830 904 898 verticem
918 827 1003 887 simili
1015 826 1101 886 modo

95 937 133 980 ex
151 932 329 996 quacumque
347 921 429 991 parte
445 912 567 970 mediam
583 909 700 983 calcari,
716 908 767 968 illo
784 917 954 1008 quaerente,
972 928 1022 968 cur
1039 925 1096 968 non

95 1000 230 1062 decidant
245 1007 345 1057 contra
362 995 417 1070 siti,
433 1005 576 1072 tamquam
590 1010 648 1052 non
664 993 738 1052 ratio
754 1003 871 1071 praesto
885 995 921 1052 sit
934 1002 962 1053 ut
973 1011 1027 1052 nos
1039 1010 1096 1052 non

96 1083 235 1145 decidere
253 1082 390 1139 mirentur
404 1078 456 1137 illi.
487 1077 644 1137 Intervenit
666 1078 808 1137 sententia
832 1079 960 1156 quamvis
978 1077 1096 1137 indocili
1108 1097 1131 1137 11

95 1164 257 1262 probabilis
282 1161 401 1237 turbae,
428 1160 572 1240 inaequali
596 1160 704 1238 globo,
731 1161 805 1221 utel
829 1163 865 1219 sit
886 1161 978 1238 figura
993 1163 1096 1240 pineae

53 1248 208 1323 1611111111,
221 1245 655 1325 nihilominusterramundique
669 1245 766 1305 incoli.
784 1245 843 1307 Sed
856 1245 992 1324 quidhoc
1006 1245 1098 1304 reiert

96 1333 153 1395 alio
177 1329 315 1390 miraculo
335 1330 503 1427 exoriente,
529 1329 689 1407 pendere'
681 1346 773 1407 rpsam
791 1348 825 1389 ac
847 1346 905 1389 non
923 1330 1029 1390 cadere
1046 1346 1096 1389 no·

96 1417 281 1490 biscum,oeu
294 1412 493 1490 spirituusvis‚
509 1413 612 1472 mundo
630 1414 802 1491 praesertim
817 1412 929 1489 inclusi,
947 1412 1033 1473 dubia
1050 1415 1096 1489 sit,

97 1507 144 1562 aut
168 1507 260 1577 possit
281 1497 388 1557 cadere
410 1506 509 1557 natura
530 1506 709 1595 repugnante
732 1506 761 1556 et
782 1514 839 1574 quo
863 1497 946 1558 cadat
960 1507 1097 1575 negante.
1109 1519 1133 1560 rs

95 1601 164 1645 nam
184 1581 282 1640 sicut
273 1581 380 1656 ignium
396 1581 484 1640 sedes
498 1598 556 1641 non
572 1589 616 1640 est
633 1581 686 1640 nisi
700 1582 728 1639 in
745 1580 875 1658 ignibus,
892 1600 1028 1660 aquarum
1044 1583 1098 1641 nisi

96 1670 125 1726 in
140 1667 230 1764 aquis,
241 1663 379 1741 spirituus
387 1683 441 1724 nrsr
457 1665 485 1724 in
499 1666 615 1744 spiritu,
640 1666 678 1724 ita
694 1673 790 1724 terrae
807 1663 972 1724 arcentibus
988 1667 1098 1725 cunctis

96 1751 151 1809 nisi
166 1751 195 1806 in
216 1767 248 1807 se
271 1748 353 1807 loeus
370 1766 428 1808 nou
445 1758 499 1808 est.
533 1747 654 1809 Globum
675 1757 771 1808 tamen
793 1748 870 1807 ellici
891 1750 991 1808 mirum
1008 1759 1053 1809 est
1071 1751 1098 1808 in

96 1841 173 1894 tanta
189 1832 307 1911 planitie
323 1833 409 1891 maris
427 1850 660 1911 camporumque.
700 1833 746 1893 oui
763 1833 922 1892 sententiae
949 1833 1032 1892 adest
1048 1833 1096 1892 Di·

98 1915 273 1990 caearcbus,
299 1917 343 1974 vir
365 1917 393 1974 in
419 1918 517 1994 primis
540 1916 684 1990 eruditus,
712 1934 812 1993 regum
836 1935 903 1976 cura
924 1934 1132 1994 permensusao

96 2008 220 2069 montes,
230 2018 268 2057 ex
283 1998 387 2077 quibus
403 1999 568 2059 altissimum
585 1999 709 2077 prodidit
727 1999 828 2059 Pelion
843 1997 944 2059 Mccn
963 2018 1099 2078 passuum

96 2083 211 2143 ratione
230 2082 448 2159 perpendiculi,
470 2082 575 2142 nullam
593 2100 660 2141 esse
685 2100 749 2142 eam
766 2085 928 2161 portionem
944 2085 1099 2144 universae

96 2164 277 2224 rotunditatis
293 2164 445 2241 colligens.
475 2166 545 2225 mihi
561 2167 672 2224 incerta
692 2165 766 2226 haec
781 2168 895 2227 videtur
912 2169 1098 2243 coniectatio,

96 2249 171 2308 haud
190 2248 299 2326 ignarog
307 2249 445 2327 quosdam
462 2248 578 2327 Alpium
593 2250 721 2308 vertices
742 2249 831 2327 longo
853 2259 945 2311 tractu
960 2269 1015 2310 nec
1032 2250 1098 2311 bre·

24 2390 27 2395 .
54 2341 106 2399 163
117 2333 200 2391 viore
218 2333 423 2411 quinquaginta
445 2332 552 2393 milium
572 2350 707 2411 passuum
729 2334 899 2411 adsurgere.
932 2334 991 2394 Sed
1005 2335 1095 2411 volgo
1107 2353 1133 2392 as

95 2419 216 2478 maxima
252 2415 326 2476 haec
348 2435 443 2495 pugna
465 2425 525 2492 est,
553 2419 576 2475 si
601 2426 731 2477 coactam
750 2418 779 2476 in
798 2419 940 2477 verticem
961 2435 1098 2496 aquarum

96 2517 213 2579 quoque
231 2500 352 2576 figuram
378 2501 502 2560 credere
527 2511 656 2578 cogatur.
689 2502 767 2581 atqui
787 2519 844 2561 non
867 2502 943 2561 aliud
959 2502 988 2560 in
1002 2519 1099 2560 rernm

95 2592 195 2643 natura
211 2582 351 2661 adspectu
367 2585 555 2657 manifestius,
581 2603 702 2664 namque
727 2595 756 2644 et
772 2585 973 2664 dependentes
991 2585 1098 2663 ubique

95 2675 195 2743 guttae
219 2669 317 2742 parvis
337 2666 492 2751 globantur
507 2668 627 2727 orbibus
648 2678 678 2727 et
692 2668 807 2745 pulveri
821 2670 926 2729 inlatae
943 2669 1098 2727 lrondium·

75 2767 153 2828 ¹que
172 2748 298 2823 lanugini
316 2732 459 2827 inpositae
481 2750 613 2812 absoluta
632 2752 806 2811 rotunditate
831 2761 1002 2827 cernuntur,
1026 2760 1054 2810 et
1071 2752 1133 2809 inse

56 2838 60 2843 '
95 2831 211 2911 poculis
224 2831 346 2909 repletis
362 2832 458 2892 media
474 2834 595 2892 maxime
618 2843 741 2911 tument,
761 2854 835 2914 quae
851 2843 972 2914 propter
987 2797 1098 2894 111111111-

83 2925 183 2977 tatem
207 2916 314 2974 umoris
336 2914 571 2994 mollitiamque'
563 2937 591 2976 m
606 2935 638 2976 se
662 2919 841 2978 residentem
855 2922 967 2980 ratione
984 2919 1099 2979 facilins

97 3018 180 3078 quam
196 3001 258 3058 visu
274 2998 535 3078 deprehenduntur.
564 3001 652 3080 idque
669 3004 753 3063 etiam
768 3004 860 3079 magis
874 3006 984 3078 mirum,
1001 3004 1030 3061 in
1045 3020 1097 3080 po·

97 3085 169 3143 culis
187 3083 310 3162 repletis
326 3083 422 3143 addito
438 3101 537 3145 umore
556 3084 671 3143 minimo
692 3086 891 3147 circumfluere
905 3087 983 3167 quod
995 3104 1097 3164 super·

97 3168 148 3242 sit,
173 3177 273 3228 contra
296 3168 415 3227 evenire
439 3167 616 3246 ponderibus
634 3170 736 3230 additis
752 3172 787 3231 ad
802 3172 923 3231 vicenos
939 3189 1030 3249 saepe
1047 3171 1133 3230 de-os

96 3252 203 3328 uarios,
221 3253 335 3312 scilicet
347 3252 413 3331 quia
427 3252 501 3311 intus
518 3261 639 3330 recepta
654 3253 795 3332 liquorem
810 3255 839 3313 in
855 3257 996 3329 verticem
1013 3255 1097 3315 attol-

54 3342 106 3398 164
118 3333 192 3410 lant,
216 3345 244 3396 at
261 3337 373 3396 cumulo
390 3335 525 3395 eminenti
538 3336 631 3395 infusa
641 3336 818 3400 delabantur.
837 3339 939 3399 eadem
952 3347 997 3398 est
1010 3355 1098 3398 causa

96 3426 218 3499 propter
240 3438 357 3498 quame
378 3419 499 3480 navibus
520 3427 599 3481 terra
622 3438 678 3480 non
701 3432 834 3484 cernatur
855 3423 1001 3483 enavium
1016 3421 1099 3482 malis
