2400 3856
121 166 165 232 20
465 182 496 227 c.
519 181 613 227 rnrnr
637 179 787 230 snounm

122 334 173 401 59.
192 338 276 416 picae
294 336 459 414 glandares.
491 333 540 398 60.
560 345 682 414 propter
699 353 818 395 corvum
836 334 1005 414 loquentem
1024 335 1133 397 seditio

123 421 223 502 populi
243 416 397 568 Romani}
425 418 497 500 (61)
514 419 695 480 Diomediae.
723 416 795 499 (62)
814 416 896 490 Quae
913 418 1045 479 animalia
1063 420 1132 480 nihil

122 506 243 566 discant.
279 502 352 585 (63)
397 515 502 584 epotu
521 507 623 564 avium.
647 504 683 563 de
698 504 908 582 porphyrione,
935 501 1008 581 (64)
1020 503 1134 564 lliman-

123 590 260 669 topodes.
294 587 360 669 (65.
381 587 437 671 66)
459 589 504 649 De
520 598 605 668 pastu
622 590 716 648 avium
741 583 814 672 (66.
832 585 1028 675 onocrotali).
1064 586 1131 666 (67.

122 673 179 752 68)
194 673 239 735 De
254 677 421 753 peregrinis
436 675 538 735 avibus
550 667 754 758 (Phalerides,
770 672 939 749 Phasianae,
951 671 1155 750 Numidicae‚5

122 759 172 823 68.
194 759 431 838 phoenicopteri,
453 767 626 835 attagenac,
643 756 917 835 phalacrocoraces,
939 757 1134 835 pyrrhocora·

123 864 185 922 ces,
204 839 401 932 lagopodes).
428 840 501 920 (69)
518 840 563 901 De
579 842 663 901 novis
675 841 787 901 avibus.
817 841 962 902 bibiones.
997 839 1072 921 (70)
1088 841 1133 902 tte

121 927 264 990 fabulosis
281 927 390 987 avibus.
430 925 503 1005 (tl)
529 922 584 995 Qui
598 924 721 1002 gallinas
738 927 843 986 larcire
867 926 1062 1003 instituerint,
1085 927 1134 1005 qui

122 1015 207 1093 primi
230 1010 403 1092 [censores]
424 1011 581 1070 vetuerint.
616 1006 688 1088 (72)
711 1011 776 1087 quis
795 1011 904 1089 primus
926 1011 1034 1070 aviaria
1052 1012 1135 1070 insti-

122 1098 220 1156 tuerit.
250 1093 287 1155 de
303 1094 417 1173 Aesopi
434 1096 538 1172 patina.
574 1091 732 1172 (73-80)
753 1092 1020 1155 Generatioavium
1036 1090 1168 1179 (quaero

121 1188 242 1259 praeter
264 1196 335 1238 aves
359 1196 413 1238 ova
437 1179 565 1254 gignant.
602 1175 651 1239 74.
677 1195 797 1238 ovorum
819 1197 930 1254 genera
952 1187 982 1238 et
1002 1188 1134 1241 naturae.

123 1262 172 1327 75.
190 1265 260 1323 vitia
276 1271 306 1322 et
324 1262 453 1323 remedia
470 1262 672 1323 incubantium.
710 1261 759 1323 76.
776 1263 928 1338 Augustae
945 1281 983 1323 ex
1003 1264 1068 1322 ovis
1086 1280 1134 1322 au-

122 1351 244 1427 gurium.
280 1345 331 1408 77.
349 1347 450 1425 quales
471 1346 597 1425 gallinae
619 1348 757 1425 optimae.
798 1345 848 1408 78.
871 1347 964 1407 morbi
984 1364 1084 1407 earum
1104 1356 1135 1407 et

123 1432 259 1494 remedia.
302 1429 351 1494 79.
376 1431 549 1492 ardiolarum
569 1449 689 1509 genera.
724 1428 772 1493 80.
797 1449 871 1509 quac
890 1433 947 1491 sint
970 1448 1024 1490 ova
1041 1432 1135 1509 urina,

123 1536 197 1598 quae
217 1534 379 1594 cynosura,
403 1534 478 1595 quae
496 1516 678 1594 hypenemia.
717 1515 862 1592 quomodo
888 1517 1168 1594 optimeserven·1s

123 1611 169 1663 tur
186 1597 272 1688 ova).
310 1600 383 1680 (81)
399 1597 481 1671 Quae
504 1601 653 1660 volucrum
674 1597 739 1659 sola
754 1599 885 1659 animalia
900 1601 993 1678 pariat
1009 1609 1040 1659 et
1057 1599 1135 1660 lacte

123 1689 239 1747 nutriat.
271 1683 341 1763 (82)
357 1682 439 1756 Quae
457 1686 641 1745 terrestrium
658 1701 714 1745 ova
729 1685 850 1762 pariant.
884 1685 1066 1763 serpentium
1083 1703 1134 1762 ge-

123 1773 245 1830 neratio.
274 1768 431 1848 (83-87)
446 1769 641 1830 Terrestrium
658 1769 781 1829 omnium
797 1768 952 1846 generatio
970 1763 1042 1852 (84.
1059 1787 1135 1847 quae

113 1857 161 1914 >sit
180 1854 340 1914 animalium
357 1858 386 1913 in
402 1853 494 1913 uteris
511 1855 630 1932 positio.
660 1850 709 1915 85.
729 1870 850 1931 quorum
867 1852 1028 1912 animalium
1047 1854 1134 1930 origo

123 1938 214 1998 adhuc
232 1941 343 1998 incerta
362 1940 415 2013 sit,
446 1934 496 2000 86.
521 1936 557 1997 de
573 1937 770 1998 salamandris.
807 1935 859 1998 87.
885 1954 960 2015 qnae
978 1946 1168 1996 nascanturu

124 2042 162 2081 ex
184 2041 242 2082 nou
261 2024 378 2099 genitis.
415 2040 489 2098 quae
511 2030 577 2081 nata
597 2021 667 2081 nihil
686 2024 814 2099 gignant.
854 2022 883 2079 in
905 2021 1010 2098 quibus
1028 2029 1135 2082 neuter

124 2125 212 2165 sexus
227 2102 297 2192 sit).
334 2102 503 2184 (88-90)
523 2104 568 2166 De
587 2105 722 2165 sensibus
744 2105 906 2165 animalium
930 2098 1068 2189 (tacteus
1083 2105 1131 2165 ho·

123 2190 246 2250 minibus
264 2208 344 2267 esse,
365 2192 434 2249 item
450 2197 614 2267 gustatuus,
631 2189 735 2268 quibus
753 2191 845 2266 visus,
861 2189 965 2267 quibus
982 2189 1133 2267 odoratus,

124 2274 228 2352 quibus
250 2273 370 2334 auditus.
414 2274 450 2335 de
470 2273 567 2353 talpis.
606 2292 642 2334 an
665 2275 773 2334 ostreis
797 2273 920 2334 auditus.
957 2271 1007 2336 89.
1026 2275 1074 2352 qui
1096 2291 1135 2334 ex

123 2358 254 2436 piscibus
283 2359 444 2419 clarissime
470 2359 593 2419 audiant.
632 2356 681 2420 90.
712 2361 759 2437 qui
788 2378 827 2418 cx
854 2357 984 2437 piscibus
1010 2359 1167 2417 marimens

124 2437 317 2527 odorentur).
348 2441 515 2523 (al-93)
538 2444 699 2505 lliversitas
722 2442 883 2503 animalium
903 2443 932 2501 in
953 2450 1037 2520 pastu
1062 2434 1133 2526 (92.

125 2544 199 2605 quae
217 2530 338 2587 venenis
354 2529 469 2605 vivant,
493 2525 542 2590 93.
560 2546 634 2606 quae
651 2536 741 2605 terra,
760 2546 834 2606 quae
851 2528 926 2586 lame
944 2535 993 2587 aut
1008 2527 1057 2587 siti
1077 2543 1135 2585 non

123 2607 304 2693 intereant).
339 2608 414 2689 (94)
430 2611 466 2670 de
483 2611 653 2672 diversitate
668 2621 783 2690 potuus.
815 2608 888 2690 (95)
910 2608 991 2681 Quae
1008 2611 1087 2671 inter
1101 2629 1134 2671 se

124 2692 293 2752 dissideant.
330 2692 403 2772 (96)
420 2695 574 2753 amicitiam
594 2694 756 2754 animalium
774 2715 842 2755 essa
865 2702 896 2754 et
911 2693 1055 2755 allecturus
1074 2696 1134 2755 ani·

123 2775 247 2840 melium.
276 2776 410 2852 exempla
425 2776 565 2836 allectuus
586 2779 776 2854 serpentium.
804 2774 955 2856 (97-98)
968 2776 1014 2839 De
1031 2790 1167 2838 somnott

123 2858 285 2920 animalium
302 2851 375 2941 (98.
389 2877 463 2937 quae
482 2854 657 2949 somnient).
690 2859 820 2921 Summa:
839 2881 888 2922 res
905 2869 935 2921 et
949 2861 1093 2924 historiae
1105 2870 1136 2922 et

124 2944 350 3005 observationes
370 2940 568 3004 ltcoxctttt.

183 3028 230 3090 Ex
245 3027 427 3088 auctoribus:
453 3028 587 3106 Manilio,
613 3027 754 3090 Cornelio
770 3028 944 3108 Valeriano,
961 3032 1051 3108 actis,
1069 3029 1136 3091 Um·

123 3116 216 3174 bricio
232 3112 376 3190 Meliore,
400 3110 527 3172 Masurio
546 3112 672 3190 Sabino,
692 3114 823 3173 Antistio
844 3112 999 3189 Labeone,
1022 3113 1135 3194 Trogo,

124 3197 290 3273 Cremutio,
315 3196 352 3257 bl.
370 3199 521 3275 Varrone,
547 3196 646 3256 Macro
663 3198 809 3275 Aemilio,
830 3197 970 3275 Melisso,
988 3196 1168 3278 blociano,e5

122 3282 252 3361 Nepote,
267 3282 360 3344 Fabio
375 3280 504 3357 Pictore,
521 3281 554 3343 t.
566 3280 716 3359 Lucretio,
732 3279 872 3342 Cornelio
886 3280 987 3358 Celso,
1000 3281 1136 3362 lloratio,

121 3364 289 3443 Deculone,
300 3366 427 3445 Hygino,
441 3364 587 3441 Sasernis,
599 3365 729 3443 Nigidio,
740 3364 867 3426 Mamilio
879 3366 960 3430 Sura.
978 3365 1136 3429 Externis:

123 3449 262 3528 Homero,
279 3451 466 3529 Phemonoe,
481 3448 669 3527 Philemone,
685 3450 800 3510 Boetho
817 3451 865 3529 qui
882 3444 1136 3532 dpvoboyovlev,
