2400 3856
139 159 202 225 242
485 172 516 221 c.
537 172 634 219 emm
657 172 805 221 sacuam

140 330 273 390 stantiam
284 344 437 388 mensurae
450 328 604 388 diversitas
617 333 768 386 auctorum
779 325 864 403 iacit,
880 344 943 386 cum
957 325 1070 389 Persae
1082 345 1152 407 qno·

140 431 196 491 que
218 411 364 471 schoenos
388 420 419 471 et
440 428 615 490 parasangas
635 410 683 469 alii
705 408 761 469 alia
783 427 917 470 mensura
945 410 1150 472 determinent.

89 500 138 553 125
152 497 200 555 nbi
227 496 314 555 desiit
337 495 422 555 alveo
443 496 570 569 munire,
597 494 632 554 ad
652 493 805 554 conlinium
832 491 968 554 Characis
991 496 1152 556 accedente

139 589 249 653 tractu,
272 581 367 639 statim
382 579 520 639 infestant
538 577 628 638 Attali
644 578 792 654 latrones,
815 577 942 637 Arabum
956 596 1051 656 gens,
1076 579 1151 638 ultra

139 681 212 742 quos
228 663 374 723 Scenitae.
411 663 518 723 ambitu
533 679 606 722 vero
621 660 777 740 Euphratis
792 659 936 722 Nomades
959 662 1089 722 Arabiae
1106 680 1149 722 ns·
1170 673 1182 713 ⁵

88 767 198 827 sasque
214 748 248 807 ad
268 748 384 808 deserta
403 747 523 824 Syriae,
537 746 612 805 unde
630 747 659 805 in
673 744 822 804 meridiem
838 744 917 806 ilecti
933 764 1000 804 enm
1014 745 1151 822 diximus,

89 840 139 893 lab
151 832 323 892 solitudines
335 830 519 908 Palmyrenus
535 829 756 907 relinquentem.
780 828 916 889 Seleucia
928 829 1014 890 abest
1025 848 1042 890 a
1053 831 1152 908 capite

139 915 370 994 Mesopotamiae
395 914 564 994 Euphraten
589 912 790 990 navigantibus
816 916 869 991 [ῑῐ
894 913 979 974 XXV
1000 913 1059 974 mil.
1087 931 1152 992 pas·

57 1060 61 1069 ,
139 1018 232 1077 snum,
251 1017 267 1059 a
285 1001 355 1059 mari
373 998 493 1073 Rubro,
508 999 533 1056 si
549 995 628 1073 Tigri
644 997 808 1074 navigetur,
826 927 958 1056 GMGXX
972 995 1013 1072 M,
1028 995 1151 1075 aZeug-

137 1092 214 1144 mate
238 1081 428 1143 uccxxnrr
453 1081 525 1155 mil,
551 1078 677 1158 Zeugma
705 1081 790 1141 abest
816 1079 950 1140 Seleucia
976 1079 1082 1157 Syriae
1116 1081 1150 1140 ad
1165 1093 1187 1132 ιο

138 1176 268 1227 nostrum
293 1165 360 1224 litus
384 1161 515 1224 CLXXV
534 1163 593 1223 mil.
616 1182 760 1242 passuum.
796 1162 876 1224 llaec
897 1172 943 1224 est
964 1164 1004 1222 ibi
1027 1163 1150 1224 latitudo

139 1258 281 1310 terrarum
297 1247 444 1308 interduo
461 1249 567 1326 maria,
587 1247 712 1308 Parthici
733 1264 805 1308 vero
828 1249 911 1325 regni
927 1245 1152 1308 mccccxviii

137 1332 196 1392 mil.
211 1351 354 1410 passuum.

203 1415 288 1495 (31.)
305 1415 358 1475 Est
374 1417 527 1476 etiamnum
543 1416 679 1494 oppidum
691 1414 921 1494 Mesopotamiae
936 1416 965 1474 in
976 1417 1040 1494 ripa
1054 1415 1151 1493 Tigris

139 1501 215 1561 circa
233 1500 415 1561 conduentes
422 1543 431 1576 ,
448 1499 526 1579 quod
540 1507 644 1560 rocant
662 1498 793 1576 Digbam.
1164 1512 1187 1553 us

89 1595 138 1646 127
210 1583 261 1646 27.
286 1583 345 1644 Sed
367 1592 397 1644 et
420 1583 457 1644 de
482 1583 562 1661 Tigri
585 1586 650 1662 ipso
674 1583 784 1643 dixisse
805 1583 969 1642 conveniat.
1009 1584 1105 1643 oritur
1121 1585 1151 1643 in

139 1673 263 1747 regione
280 1668 437 1727 Armeniae
454 1669 572 1726 maioris
587 1668 668 1728 fonte
688 1669 847 1745 conspicuo
871 1668 900 1725 in
915 1665 1042 1742 planitie.
1081 1667 1150 1727 loco

139 1770 245 1812 nornen
266 1749 427 1828 Elegosine
450 1759 512 1827 est,
536 1752 593 1828 ipsi
617 1768 671 1828 qna
694 1750 803 1810 tardior
824 1749 886 1808 lluit
907 1749 1028 1826 Diglito.
1074 1751 1150 1811 unde

139 1915 216 1980 Medi
235 1919 379 1996 sagittam.
416 1917 509 1978 induit
530 1919 559 1977 in
576 1918 667 1978 lacum
684 1917 846 1976 Aretissam
860 1919 955 1977 omnia
972 1918 1061 1977 inlata
1079 1935 1150 1996 pon·
1161 1930 1186 1970 tt

141 2003 211 2063 dera
226 2003 418 2062 sustinentem
438 2011 467 2061 et
482 2002 585 2061 nitrum
603 2001 717 2060 nebulis
735 2001 925 2061 exhalantem.
955 2018 1040 2060 unum
1056 2019 1149 2079 genus

142 2088 169 2145 ei
187 2087 312 2164 piscium
327 2093 384 2161 est,
400 2086 486 2163 idque
504 2086 728 2144 transcurrentis
745 2102 803 2143 non
819 2085 957 2144 miscetur
973 2084 1059 2144 alveo
1077 2087 1149 2144 sicut

89 2178 247 2246 transque
263 2187 280 2227 e
297 2166 377 2244 Tigri
400 2169 498 2246 pisces
513 2169 541 2227 in
559 2167 650 2226 lacum
671 2175 856 2228 transnatant.
890 2167 984 2228 fertur
999 2176 1096 2229 autem
1119 2176 1149 2228 et

139 2271 225 2312 cursu
242 2260 273 2312 et
288 2251 389 2312 colore
411 2251 576 2326 dissimilis,
599 2259 840 2330 transvectusque
857 2259 1032 2313 occurrente
1053 2251 1148 2311 Tauro

139 2344 237 2396 monte
258 2337 287 2395 in
304 2353 423 2414 specum
445 2337 586 2412 mergitur
606 2335 764 2413 subterque
782 2335 881 2413 lapsus
904 2353 920 2395 a
938 2335 1032 2395 latere
1054 2335 1147 2395 altero
1160 2347 1186 2388 2⁵

140 2422 203 2480 eius
225 2421 359 2497 erumpit.
395 2417 478 2479 locus
495 2428 616 2479 vocatur
638 2417 795 2479 Zoaranda.
832 2419 953 2479 eundem
975 2437 1043 2478 esse
1063 2420 1149 2479 mani·

139 2505 244 2564 festum
265 2512 329 2579 est,
360 2503 437 2581 quod
459 2503 592 2563 demersa
613 2503 734 2581 perfert.
775 2502 897 2562 alterum
920 2501 1025 2562 deinde
1046 2504 1150 2563 transit

128 2588 233 2654 ,lacum
248 2588 296 2666 qui
313 2586 470 2664 Thespites
485 2586 649 2664 appellatur
661 2603 818 2663 rursusque
833 2588 863 2645 in
878 2585 1027 2646 cuniculos
1043 2587 1149 2665 mergi-

140 2679 187 2730 tur
207 2678 238 2730 et
259 2678 328 2747 post
349 2669 433 2729 XXII
454 2669 512 2729 mil.
537 2688 671 2748 passuum
695 2671 771 2729 circa
793 2668 989 2748 Nymphaeum
1008 2669 1147 2730 redditur.

58 2830 62 2834 ι
141 2762 197 2813 tam
214 2754 338 2812 ricinum
358 2752 500 2812 Arsaniae
516 2753 609 2813 lluere
630 2771 695 2812 enm
716 2755 745 2812 in
765 2756 887 2830 regione
908 2752 1046 2813 Archene
1064 2750 1148 2814 ctan·
1161 2767 1185 2807 ao

55 2837 59 2861 ³
141 2837 204 2897 dius
221 2833 329 2895 Caesar
352 2844 539 2911 auctorest,
566 2844 613 2912 ut,
640 2855 703 2896 cum
723 2838 901 2913 intumuere,
929 2836 1076 2898 confluant
1094 2855 1149 2897 nec

112 2918 118 2928 '
140 2930 235 2983 tamen
254 2921 447 2995 misceantur,
470 2918 632 2999 leviorque¹
645 2920 783 2980 Arsanias
805 2922 916 2980 innatet
932 2920 986 2981 llll
1006 2919 1036 2979 M
1055 2921 1148 2981 ferme

92 3015 141 3067 129
153 3006 266 3084 spatio,
286 3021 354 3063 mox
374 3002 483 3062 divisus
504 3005 534 3061 in
549 3002 719 3082 Euphraten
740 3013 896 3082 mergatur.
932 3003 1029 3081 Tigris
1053 3014 1148 3065 autem

142 3107 180 3149 ex
195 3088 331 3147 Armenia
347 3089 476 3165 acceptis
498 3084 659 3148 huminibus
676 3088 762 3148 claris
777 3087 930 3148 Parthenia
951 3106 986 3148 ac
999 3087 1148 3166 Nicepho-

105 3193 129 3228 as
141 3171 353 3247 rioneArabas
375 3170 526 3231 0rrhoeos
544 3170 770 3248 Adiabenosque
789 3172 991 3231 disterminans
1013 3181 1043 3232 et
1065 3190 1147 3250 quam
1160 3182 1185 3224 ³⁵

141 3256 263 3315 diximus
278 3253 517 3334 Mesopotamiam
531 3255 656 3332 iaciens,
672 3255 799 3315 lustratis
815 3256 960 3315 montibus
979 3254 1147 3332 Gordyaeo-

142 3357 202 3397 rum
226 3341 303 3400 circa
324 3338 481 3416 Apameam
498 3337 635 3400 Mesenes
651 3339 803 3417 oppidum,
826 3341 898 3399 citra
917 3339 1081 3401 Seleuciam
1096 3340 1147 3399 Ba·

141 3419 286 3495 brioniam
304 3419 411 3482 CXXV
430 3421 460 3481 M
475 3441 609 3501 passuum
630 3422 739 3483 divisus
761 3422 912 3484 in‘alveos
938 3422 1027 3502 duos,
1052 3422 1148 3484 altero
