2400 3856
55 156 116 220 142
239 140 241 144 ⁴
395 171 542 221 1111111
566 138 716 219 1111111111

54 327 125 386 sima
142 327 301 406 eademque
323 327 436 387 minima
460 324 637 404 Euonymos.
680 325 827 386 Hactenus
844 325 880 386 de
896 325 989 405 primo
1005 323 1064 386 Eu·

53 427 146 488 nopae
160 430 232 470 1111.

20 500 44 551 to
123 492 169 556 10.
188 493 270 572 (15.)
294 494 321 554 A
344 494 446 555 Locris
467 493 569 554 ltaliae
589 495 670 555 frons
691 495 791 573 incipit
810 492 914 571 Magna
940 491 1065 553 Graecia

54 578 210 656 appellata,
225 581 255 638 in
270 580 323 638 tris
340 581 438 638 sinnus
451 578 594 639 recedens
609 578 732 639 Ausonii
744 578 842 653 maris,
858 575 1065 655 1111111111-

55 679 144 722 sones
160 671 283 724 tenuere
301 664 395 742 primi.
432 671 513 741 patet
529 661 680 723 LXXXVI
693 662 723 723 Μ
739 679 829 740 pass,
845 671 876 720 ut
892 669 996 721 auctor
1015 669 1088 726 ests

53 744 158 806 Varro.
180 746 315 825 plerique
329 745 435 807 LXXV
447 747 598 807 Μ111111.
619 745 652 807 ln
665 765 699 807 ea
712 763 763 806 ora
776 745 890 805 flumina
901 746 1064 821 innumera,

55 829 108 890 sed
124 840 285 891 memoratu
300 831 386 909 digna
400 849 416 890 a
434 829 536 891 Locris
552 829 662 908 Sagra,
686 839 716 890 et
731 830 856 906 vestigia
872 828 971 908 oppidi
988 825 1065 888 Cau·

53 912 147 990 lonis,
171 914 306 991 Mustiae,
323 911 501 974 Consilinum
518 921 660 988 castrum,
680 910 875 990 Cocynthum,
894 912 971 993 quod
993 929 1065 972 esse

54 997 253 1075 longissimum
272 997 375 1058 ltaliae
405 997 633 1075 promunturium
659 995 747 1075 aliqui
776 997 949 1056 existimant.
995 995 1065 1055 dein

54 1083 134 1142 sinus
146 1091 175 1142 et
187 1080 348 1159 Stolagium
359 1079 550 1157 Scyllaceum,
562 1079 732 1157 Scylletium
742 1079 985 1155 Atheniensibus,
998 1097 1064 1140 cum
1073 1105 1101 1144 ro

54 1164 229 1240 conderent,
252 1164 375 1241 dictum,
397 1181 482 1242 quem
504 1163 599 1224 locum
622 1180 780 1224 occurrens
796 1163 957 1224 Terinaeus
980 1164 1063 1223 sinus

54 1247 235 1325 peninsulam
252 1247 356 1324 eflicit,
376 1255 406 1308 et
426 1248 455 1306 in
476 1265 511 1308 ea
532 1256 635 1327 portus
658 1249 706 1326 qui
728 1255 848 1307 vocatur
867 1246 969 1307 Castra
986 1247 1065 1307 Han·

49 1331 177 1408 nibalis,
198 1349 337 1410 nusquam
360 1333 530 1409 angustiore
544 1331 635 1392 ltalia.
673 1331 722 1391 XL
738 1330 767 1391 Μ
782 1349 918 1410 passuum
939 1330 1063 1391 latitudo

55 1423 111 1476 est.
137 1417 235 1494 itaque
250 1416 407 1493 Dionysius
423 1417 513 1477 maior
529 1417 694 1476 intercisam
711 1433 749 1477 eo
773 1416 840 1477 loco
856 1414 973 1475 adicere
991 1412 1065 1474 Sici·

20 1499 114 1561 161111
135 1500 234 1560 voluit.
272 1519 370 1561 amnes
392 1500 433 1559 ibi
455 1500 636 1578 navigabiles
659 1497 813 1577 Carcinus,
834 1493 987 1574 Crotalus,
1010 1496 1063 1558 Se·
1052 1522 1103 1562 -so

54 1585 153 1662 mirus,
172 1584 300 1663 Arogas,
318 1584 476 1661 Thagines,
493 1584 630 1682 oppidum
644 1585 721 1643 intus
735 1583 852 1659 Petilia,
867 1600 950 1643 mons
967 1580 1065 1642 Cliba-

55 1687 125 1745 nus,
148 1671 376 1748 promunturium
396 1667 558 1744 Lacinium,
581 1669 662 1728 cuius
685 1677 752 1728 ante
775 1684 854 1727 oram
875 1666 970 1727 insula
991 1664 1020 1724 X
1034 1665 1066 1725 Μ

55 1769 132 1829 pass.
151 1760 261 1812 aterna
276 1752 460 1830 Dioscoron,
482 1752 575 1814 altera
593 1750 735 1831 Calypsus
758 1770 842 1831 quam
856 1750 999 1826 Ogygiam
1015 1768 1065 1829 ap·

54 1835 184 1913 pellasse
210 1835 354 1897 Homerus
379 1838 579 1913 existimatur,
609 1844 765 1914 praeterea
791 1831 946 1912 Tyris,E
949 1852 1064 1910 ranusa,

52 1916 211 1986 Meloessa.
254 1922 348 1999 ipsum
376 1938 392 1980 a
419 1918 549 1982 Caulone
575 1920 682 1981 abesse
706 1917 835 1980 LXXM
862 1936 938 1998 pass.
964 1918 1102 1996 proditae

54 2003 126 2080 Agri
171 2023 195 2063 1.

20 2094 44 2146 11
122 2022 195 2147 lplp.'
197 2086 358 2148 ALacinio
374 2089 574 2166 promunturio
599 2087 744 2148 secundus
762 2086 898 2165 Europae
921 2087 999 2146 sinus
1023 2087 1066 2145 in·

55 2171 125 2249 cipit
141 2187 246 2247 magno
263 2173 369 2230 ambitu
387 2170 480 2231 flexos
497 2180 527 2230 et
542 2170 763 2231 Acroceraunio
780 2170 862 2249 Epiri
881 2162 978 2231 finitus
997 2187 1066 2248 pro·

54 2255 215 2331 munturio,
230 2270 246 2313 1
262 2272 319 2333 quo
335 2255 419 2314 abest
433 2253 540 2314 LXXV
555 2255 585 2316 Μ
598 2272 674 2333 pass.
698 2254 840 2333 Oppidum
855 2252 958 2329 Croto,
974 2254 1065 2314 amnis

55 2335 221 2417 Neaethus,
239 2339 376 2418 oppidum
393 2337 482 2399 Thuri
504 2339 581 2399 inter
603 2337 676 2399 duos
695 2357 793 2399 amnes
816 2337 943 2399 Crathim
966 2345 996 2397 et
1010 2338 1101 2412 sy-ss

55 2421 158 2497 barim,
175 2422 223 2483 ubi
239 2424 293 2483 luit
309 2424 379 2483 urbs
398 2423 502 2484 eodem
518 2425 645 2484 nomine.
673 2423 807 2483 similiter
823 2431 870 2483 est
885 2425 962 2482 inter
978 2420 1065 2481 Sirim

57 2515 87 2566 ct
102 2507 212 2566 Acirim
227 2506 361 2568 Heraclia
380 2506 534 2586 aliquando
552 2507 626 2567 Siris
642 2509 777 2568 vocitata.
799 2506 930 2566 Flumina
942 2505 1066 2565 Acalan-

56 2589 152 2666 drum,
167 2588 360 2668 Casuentum,
379 2591 515 2670 oppidum
536 2593 753 2670 Metapontum,
776 2609 834 2669 quo
856 2593 943 2651 tertia
964 2589 1066 2649 ltaliae

20 2678 46 2731 18
59 2676 144 2749 regio
162 2673 268 2734 finitur.
289 2674 496 2734 Mediterranei
511 2674 689 2735 Bruttiorum
707 2673 865 2753 Aprustani
882 2682 999 2750 tantum,
1012 2672 1066 2732 Lu-

56 2773 191 2815 canorum
209 2764 304 2816 autem
319 2757 469 2834 Atinates,
489 2757 619 2834 11111111,
634 2756 773 2835 Eburini,
796 2757 992 2834 Grumentini,
1011 2756 1103 2821 Po-ao

57 2839 171 2917 tantini,
191 2838 317 2917 Sontini,
335 2839 432 2916 Sirini,
450 2840 610 2918 Tergilani,
627 2839 789 2919 Ursentini,
805 2841 991 2918 Volcentani,
1005 2842 1068 2919 qui·

56 2925 111 2985 bus
124 2921 309 2985 Numestrani
324 2925 490 3001 iunguntur.
512 2934 669 3004 praeterea
686 2926 823 2986 interisse
841 2925 959 2987 Thebas
977 2925 1067 2986 Luca·

56 3027 107 3068 nas
124 3007 197 3070 Cato
213 3017 315 3069 auctor
333 3017 395 3085 cst,
414 3017 445 3068 et
464 3009 643 3071 Mardoniam
656 3010 835 3072 Lucanorum
850 3010 952 3070 urbem
973 3009 1067 3070 luisse

57 3091 303 3172 Theopompus,
295 3112 325 3153 m
340 3111 395 3170 qua
411 3093 580 3156 Alexander
597 3093 737 3173 Epirotes
755 3093 936 3155 occubuerit

20 3183 48 3235 19
123 3175 207 3256 (16)
225 3175 397 3238 Conectitur
413 3177 539 3239 secunda
555 3180 641 3256 regio
661 3178 804 3278 amplexa
809 3177 967 3261 hirpinos,
984 3175 1067 3237 Cala·
1057 3199 1103 3241 -11

55 3260 164 3338 briam,
184 3261 318 3341 Apuliam
334 3253 512 3323 Sallentinos
538 3260 609 3322 CCL
624 3260 696 3323 M
672 3281 736 3322 sunu
756 3263 805 3342 qui
821 3254 996 3323 Tarentinus
1017 3279 1067 3339 ap·

57 3345 183 3420 pellatur
201 3346 237 3406 ab
254 3347 364 3429 oppido
383 3346 549 3407 Laconum
541 3365 570 3415 m
586 3364 709 3407 recessu
720 3347 776 3406 hoc
791 3347 892 3407 intimo
913 3348 982 3421 sito,
997 3362 1068 3405 con·

57 3427 165 3488 tributa
183 3446 219 3489 eo
236 3433 376 3490 maritima
391 3431 507 3499 colonia
525 3447 598 3508 quae
614 3429 653 3489 ibi
672 3431 777 3493 luerat
811 3431 896 3492 abest
915 3392 1067 3490 CXXXVI
