2400 3856
128 175 191 240 250
478 186 508 235 c.
532 187 626 233 unrnr
650 186 797 235 sucunnr

130 342 282 405 aPelusio
304 357 357 420 per
372 339 513 418 harenas,
535 341 564 400 in
586 359 645 420 quo
666 342 720 400 nisi
743 340 843 402 calami
868 341 955 401 delixi
975 350 1079 418 regant
1093 342 1139 403 via

80 435 198 487 totnon
220 426 367 502 reperitur
390 424 512 484 subinde
531 442 599 485 aura
624 425 749 502 vestigia
771 426 935 504 operiente.
974 423 1139 489 alterumll

129 509 186 569 mil.
204 526 339 587 passuum
359 507 431 567 ultra
452 506 566 567 Casium
580 518 706 568 montem
716 553 726 585 ,
741 508 817 586 quod
835 507 917 569 aLX
928 508 987 568 mil.
1004 527 1139 586 passuum

128 592 206 655 redit
220 594 249 652 in
262 591 441 652 Pelusiacam
460 593 544 652 viam.
578 592 712 652 accolunt
731 592 847 653 Ambos
871 591 988 653 Autaei.
1024 594 1140 654 tertium

129 674 292 753 aGerrho,
319 674 395 753 quod
416 674 571 755 Agipsium
591 683 714 752 vocant,
741 693 796 754 per
817 676 937 737 eosdem
958 676 1073 737 Arabes
1089 675 1169 739 txs

129 760 188 821 mil.
205 778 339 838 passuum
355 761 494 838 propius,
514 759 566 819 sed
588 776 722 839 asperum
741 761 886 820 montibus
904 768 935 821 et
953 761 1038 838 inops
1055 777 1140 838 aqua·

129 863 202 905 rum.
236 861 289 905 eae
305 862 405 903 omues
422 845 487 903 viae
506 843 653 903 Arsinoen
669 842 774 903 ducunt
793 843 937 903 conditam
958 844 1072 904 sororis
1091 862 1140 903 no·

74 986 84 999 ,,
130 930 206 988 mine
221 929 251 987 in
266 929 329 987 sinu
346 925 490 987 Carandra
509 945 525 986 a
546 926 717 987 Ptolomaeo
735 926 941 1005 Philadelpho,
966 927 1015 1005 qui
1032 929 1140 1007 primas

131 1010 351 1090 Trogodyticen
366 1012 511 1087 excussit,
529 1028 639 1071 amnem
655 1012 702 1088 qui
721 1011 869 1072 Arsinoen
887 1011 1023 1089 praefluit
1041 1010 1139 1070 Ptolo·

79 1103 130 1156 108
141 1113 251 1156 maeum
270 1094 437 1173 appellavit.
466 1111 534 1153 mox
549 1093 684 1172 oppidum
700 1111 818 1172 parvum
840 1103 887 1155 est
902 1095 1016 1157 Aenum
1032 1129 1074 1140 -
1092 1094 1139 1154 alii
1153 1109 1174 1148 ro

130 1197 184 1258 pro
205 1178 262 1238 boc
277 1177 450 1238 Philoterias
467 1177 597 1237 scribunt
616 1178 781 1238 -deinde
803 1187 869 1239 sunt
889 1178 992 1238 Asarri
1014 1198 1054 1238 ex
1069 1177 1140 1239 Tro·

129 1261 301 1340 godytarum
315 1261 466 1338 conubiis,
483 1259 597 1322 Arabes
613 1262 686 1339 ieri,
707 1262 818 1323 insulae
834 1262 992 1343 Serapide,
1013 1262 1139 1339 Scytala,

128 1363 198 1405 mox
212 1344 330 1405 deserta
351 1344 387 1405 ad
401 1343 627 1422 blyoshormon,
644 1345 692 1406 ubi
710 1346 777 1406 lons
796 1346 921 1422 Tatnos,
944 1364 1027 1407 mons
1048 1346 1139 1422 Aeas,

129 1429 222 1489 insula
238 1429 352 1505 Iambe,
368 1437 489 1506 portuus
506 1427 597 1488 multi.
631 1429 790 1506 Berenice,
808 1431 944 1508 oppidum
960 1431 1060 1490 matris
1075 1429 1140 1491 Phi·

87 1511 256 1592 ¹⁰⁸ladelpbi
279 1514 413 1589 nomine,
440 1511 475 1572 ad
504 1511 581 1590 quod
605 1513 698 1574 itera
726 1511 822 1591 Copto
849 1515 980 1574 diximus.
1024 1513 1174 1574 Arabesrs

79 1597 246 1657 lbbAutaei
262 1605 292 1656 et
305 1595 444 1656 Gebadei.
472 1594 555 1675 (34.)
578 1595 795 1674 Trogodytice,
811 1615 893 1675 quam
908 1599 997 1676 prisci
1009 1596 1140 1674 Midoen,

131 1680 178 1740 alii
193 1678 308 1741 blichoe
324 1680 436 1741 dixere.
459 1698 541 1740 mons
558 1679 795 1758 Pentedactylos,
806 1681 919 1743 insulae
933 1680 1044 1743 Stenae
1059 1681 1140 1743 dirae

130 1764 259 1841 aliquot,
272 1762 430 1824 halonnesi
447 1782 506 1824 nou
520 1765 687 1842 panciores,
705 1762 885 1842 Cardamiue,
901 1765 1049 1843 Topanos,
1065 1783 1140 1845 quae

151 1865 260 1912 emmae
284 1865 389 1907 nomen
410 1847 499 1908 dedit.
534 1849 612 1908 sinus
637 1847 740 1908 insulis
761 1848 905 1926 refertus,
932 1868 972 1910 ex
993 1849 1038 1913 bis
1065 1867 1139 1929 quae

128 1866 246 1992 llacreu
267 1941 407 1996 vocantur
428 1949 573 2010 aquosae,
598 1950 672 2011 quae
690 1919 833 1993 Eratanos
854 1933 999 1999 sitientes.
1036 1948 1174 2010 regumn

129 2013 175 2074 bis
196 2015 338 2093 praelecti
363 2016 457 2076 luere.
496 2014 644 2075 Introrsus
666 2013 811 2092 Candaei,
832 2033 906 2096 quoe
927 2016 1139 2094 Ophiophagos

130 2107 251 2174 vocant,
267 2099 454 2176 serpentibus
472 2100 554 2159 vesci
569 2099 690 2160 adsueti.
721 2118 817 2178 neque
833 2100 888 2160 alia
902 2103 989 2177 regio
1011 2101 1139 2161 Fertilior

77 2188 130 2239 170
141 2188 187 2240 est
204 2197 285 2240 auro.
321 2179 407 2257 Iuba,
430 2182 479 2259 qui
497 2179 613 2241 videtur
628 2182 850 2260 diligentissime
864 2193 1038 2263 persecutus
1055 2183 1137 2258 haec,

130 2265 227 2324 omisit
240 2265 270 2324 in
284 2264 340 2324 hoc
355 2272 465 2339 tractu,
481 2265 537 2324 nisi
554 2266 760 2346 exemplarium
774 2269 875 2327 vitium
891 2276 954 2345 est,
974 2267 1138 2329 Berenicen

128 2347 248 2408 alteram
268 2367 343 2428 quae
365 2347 549 2425 Panchrysos
577 2352 778 2429 cognominata
806 2361 852 2412 est
877 2359 907 2411 et
928 2353 1042 2411 tertiam
1064 2370 1138 2431 quae
1151 2365 1173 2405 at

128 2430 281 2510 Epidires,
296 2434 438 2510 insignem
456 2432 533 2493 loco.
567 2444 613 2495 est
628 2436 702 2495 enim
718 2437 773 2493 sita
791 2437 820 2494 in
835 2437 950 2495 cervice
967 2435 1057 2512 louge
1073 2453 1138 2512 pro·

128 2525 275 2592 currente,
294 2516 343 2576 ubi
355 2516 454 2578 lauces
469 2517 562 2578 Rubri
580 2519 664 2578 maris
678 2517 734 2577 llll
748 2519 805 2577 mil.
822 2518 848 2578 D
863 2537 997 2598 passuum
1012 2519 1048 2579 ab
1066 2517 1139 2578 Ara·

78 2599 188 2658 lubia
207 2598 324 2659 distant.
356 2601 448 2660 insula
468 2603 508 2662 ibi
525 2599 616 2679 Cytis,
633 2610 766 2680 topazum
782 2603 883 2663 ferens
899 2611 928 2663 et
946 2603 1018 2680 ipsa.
1055 2601 1139 2662 Ultra

129 2682 237 2758 silvae,
260 2683 308 2742 ubi
323 2683 482 2745 Ptolomais
503 2703 519 2745 a
534 2684 723 2763 Philadelpho
741 2685 855 2746 condita
870 2686 904 2745 ad
921 2694 1062 2746 venatuus
1079 2686 1138 2745 ele-

49 2812 53 2820 .
129 2764 315 2843 phantorum,
338 2767 376 2826 ob
394 2768 423 2827 id
439 2768 595 2848 Epitberas
620 2771 839 2848 cognominata,
860 2772 939 2829 iuxta
960 2769 1052 2829 lacum
1073 2768 1136 2829 tto-
1150 2783 1172 2824 ao

75 2848 266 2908 sssnotsum.
305 2848 385 2910 llaec
408 2861 454 2913 est
471 2853 556 2928 regio
579 2853 707 2913 secundo
728 2853 874 2914 volumine
897 2853 1013 2912 anobis
1029 2854 1138 2931 signill-

129 2940 210 3009 cata,
233 2933 262 2992 in
280 2951 336 3012 qua
355 2934 434 2995 XLV
455 2934 555 2995 diebus
576 2944 643 2996 ante
664 2937 819 2998 solstitium
835 2937 1016 3014 totidemque
1033 2946 1137 3014 postea

128 3015 199 3076 bora
212 3026 297 3077 sexta
308 3028 513 3079 consumuntur
526 3021 662 3099 umbrae,
678 3029 708 3081 et
720 3022 748 3079 in
760 3022 909 3082 meridiem
923 3020 1043 3098 reliquis
1056 3020 1136 3080 horis

128 3099 249 3177 cadunt,
276 3104 386 3164 ceteris
408 3103 508 3164 diebus
532 3103 561 3163 iu
583 3106 828 3183 septentrionem,
853 3123 916 3164 cum
938 3106 967 3165 in
993 3104 1136 3165 Berenice

85 3198 211 3261 mquam
233 3187 351 3264 primam
373 3189 520 3265 posuimus
542 3189 607 3267 ipso
631 3189 677 3248 die
696 3188 804 3249 solstiti
827 3198 909 3249 sexta
927 3188 1000 3248 hora
1018 3189 1136 3248 umbrae
1149 3200 1171 3242 at

125 3269 156 3326 in
172 3276 262 3329 totum
278 3271 461 3330 absumantur
476 3271 604 3349 nihilque
619 3271 772 3333 adnotetur
793 3271 869 3333 aliud
884 3273 963 3349 novi,
979 3269 1060 3331 Dcss
1076 3272 1135 3332 mil.

126 3367 260 3428 passuum
278 3353 433 3415 intervallo
447 3353 669 3432 aPtolomaide‚
686 3374 735 3416 res
751 3358 878 3434 ingentis
893 3356 1021 3435 exempli
1040 3355 1135 3416 locus·

126 3451 184 3512 que
200 3437 369 3497 subtilitatis
384 3440 547 3515 inmensae,
568 3440 673 3501 mundo
693 3440 734 3501 ibi
755 3439 919 3520 deprenso,
940 3458 1003 3500 cum
1025 3439 1136 3500 indubi-
