<?xml version="1.0" encoding="UTF-8"?>
<!DOCTYPE html PUBLIC "-//W3C//DTD XHTML 1.0 Transitional//EN"
    "http://www.w3.org/TR/xhtml1/DTD/xhtml1-transitional.dtd">
<html xmlns="http://www.w3.org/1999/xhtml" xml:lang="en" lang="en">
 <head>
  <title>
</title>
<meta http-equiv="Content-Type" content="text/html;charset=utf-8" />
  <meta name='ocr-system' content='tesseract 3.04.00' />
  <meta name='ocr-capabilities' content='ocr_page ocr_carea ocr_par ocr_line ocrx_word'/>
</head>
<body>
  <div class='ocr_page' id='page_1' title='image "./cplinisecundina07plingoog_0325.png"; bbox 0 0 2400 3856; ppageno 0'>
   <div class='ocr_carea' id='block_1_1' title="bbox 146 156 812 224">
    <p class='ocr_par' dir='ltr' id='par_1_1' title="bbox 146 156 812 224">
     <span class='ocr_line' id='line_1_1' title="bbox 146 156 812 224; baseline -0.009 0"><span class='ocrx_word' id='word_1_1' title='bbox 146 156 210 224; x_wconf 78' lang='lat'><strong>238</strong></span> <span class='ocrx_word' id='word_1_2' title='bbox 499 171 530 220; x_wconf 87' lang='lat' dir='ltr'><strong>o.</strong></span> <span class='ocrx_word' id='word_1_3' title='bbox 549 172 646 219; x_wconf 82' lang='lat' dir='ltr'><strong>nnrnr</strong></span> <span class='ocrx_word' id='word_1_4' title='bbox 663 172 812 221; x_wconf 79' lang='lat' dir='ltr'><strong>sueonos</strong></span> 
     </span>
    </p>
   </div>
   <div class='ocr_carea' id='block_1_2' title="bbox 89 325 1196 3510">
    <p class='ocr_par' dir='ltr' id='par_1_2' title="bbox 92 325 1196 2899">
     <span class='ocr_line' id='line_1_2' title="bbox 150 325 1162 405; baseline -0.003 -15"><span class='ocrx_word' id='word_1_5' title='bbox 150 329 303 390; x_wconf 85' lang='lat' dir='ltr'><strong>coniicitur</strong></span> <span class='ocrx_word' id='word_1_6' title='bbox 318 326 454 388; x_wconf 89' lang='lat' dir='ltr'><strong>noctibus</strong></span> <span class='ocrx_word' id='word_1_7' title='bbox 468 336 593 405; x_wconf 87' lang='lat' dir='ltr'><strong>propter</strong></span> <span class='ocrx_word' id='word_1_8' title='bbox 609 335 728 387; x_wconf 87' lang='lat' dir='ltr'><strong>aestuus</strong></span> <span class='ocrx_word' id='word_1_9' title='bbox 752 334 782 386; x_wconf 90' lang='lat' dir='ltr'><strong>et</strong></span> <span class='ocrx_word' id='word_1_10' title='bbox 797 325 911 386; x_wconf 90' lang='lat' dir='ltr'><strong>stativis</strong></span> <span class='ocrx_word' id='word_1_11' title='bbox 931 325 995 387; x_wconf 90' lang='lat' dir='ltr'><strong>dies</strong></span> <span class='ocrx_word' id='word_1_12' title='bbox 1010 326 1162 388; x_wconf 90' lang='lat' dir='ltr'><strong>absumun-</strong></span> 
     </span>
     <span class='ocr_line' id='line_1_3' title="bbox 149 410 1160 491; baseline 0.001 -21"><span class='ocrx_word' id='word_1_13' title='bbox 149 422 214 489; x_wconf 91' lang='lat' dir='ltr'><strong>tur,</strong></span> <span class='ocrx_word' id='word_1_14' title='bbox 231 421 322 471; x_wconf 91' lang='lat' dir='ltr'><strong>totum</strong></span> <span class='ocrx_word' id='word_1_15' title='bbox 337 430 353 471; x_wconf 93' lang='lat' dir='ltr'><strong>a</strong></span> <span class='ocrx_word' id='word_1_16' title='bbox 373 410 468 491; x_wconf 91' lang='lat' dir='ltr'><strong>Copto</strong></span> <span class='ocrx_word' id='word_1_17' title='bbox 485 410 650 471; x_wconf 80' lang='lat' dir='ltr'><strong>Berenicen</strong></span> <span class='ocrx_word' id='word_1_18' title='bbox 671 413 728 470; x_wconf 90' lang='lat' dir='ltr'><strong>iter</strong></span> <span class='ocrx_word' id='word_1_19' title='bbox 741 410 912 470; x_wconf 89' lang='lat' dir='ltr'><strong>duodecimo</strong></span> <span class='ocrx_word' id='word_1_20' title='bbox 931 411 979 470; x_wconf 91' lang='lat' dir='ltr'><strong>die</strong></span> <span class='ocrx_word' id='word_1_21' title='bbox 998 412 1160 489; x_wconf 72' lang='lat' dir='ltr'><strong>peragitur.</strong></span> 
     </span>
     <span class='ocr_line' id='line_1_4' title="bbox 97 494 1161 574; baseline 0.001 -19"><span class='ocrx_word' id='word_1_22' title='bbox 97 503 148 556; x_wconf 87' lang='grc'><strong>104</strong></span> <span class='ocrx_word' id='word_1_23' title='bbox 161 494 307 573; x_wconf 87' lang='lat' dir='ltr'><strong>Navigare</strong></span> <span class='ocrx_word' id='word_1_24' title='bbox 328 497 467 574; x_wconf 91' lang='lat' dir='ltr'><strong>incipiunt</strong></span> <span class='ocrx_word' id='word_1_25' title='bbox 485 503 599 555; x_wconf 89' lang='lat' dir='ltr'><strong>aestate</strong></span> <span class='ocrx_word' id='word_1_26' title='bbox 619 494 713 554; x_wconf 90' lang='lat' dir='ltr'><strong>media</strong></span> <span class='ocrx_word' id='word_1_27' title='bbox 736 502 802 555; x_wconf 92' lang='lat' dir='ltr'><strong>ante</strong></span> <span class='ocrx_word' id='word_1_28' title='bbox 829 495 908 554; x_wconf 90' lang='lat' dir='ltr'><strong>canis</strong></span> <span class='ocrx_word' id='word_1_29' title='bbox 933 502 1028 553; x_wconf 87' lang='lat' dir='ltr'><strong>ortum</strong></span> <span class='ocrx_word' id='word_1_30' title='bbox 1051 503 1101 553; x_wconf 90' lang='lat' dir='ltr'><strong>aut</strong></span> <span class='ocrx_word' id='word_1_31' title='bbox 1125 495 1161 556; x_wconf 90' lang='lat' dir='ltr'><strong>ab</strong></span> 
     </span>
     <span class='ocr_line' id='line_1_5' title="bbox 151 575 1163 658; baseline 0 -19"><span class='ocrx_word' id='word_1_32' title='bbox 151 589 258 639; x_wconf 81' lang='lat' dir='ltr'><strong>exortu</strong></span> <span class='ocrx_word' id='word_1_33' title='bbox 274 583 423 658; x_wconf 89' lang='lat' dir='ltr'><strong>protinus,</strong></span> <span class='ocrx_word' id='word_1_34' title='bbox 439 578 624 656; x_wconf 88' lang='lat' dir='ltr'><strong>&#39;veniuntque</strong></span> <span class='ocrx_word' id='word_1_35' title='bbox 639 579 757 639; x_wconf 82' lang='lat' dir='ltr'><strong>circiter</strong></span> <span class='ocrx_word' id='word_1_36' title='bbox 773 575 868 638; x_wconf 87' lang='lat' dir='ltr'><strong>XXX.</strong></span> <span class='ocrx_word' id='word_1_37' title='bbox 897 577 945 639; x_wconf 89' lang='lat' dir='ltr'><strong>die</strong></span> <span class='ocrx_word' id='word_1_38' title='bbox 962 576 1074 638; x_wconf 84' lang='lat' dir='ltr'><strong>Ocelim</strong></span> <span class='ocrx_word' id='word_1_39' title='bbox 1090 577 1163 639; x_wconf 79' lang='lat' dir='ltr'><strong>Ara·</strong></span> 
     </span>
     <span class='ocr_line' id='line_1_6' title="bbox 148 661 1188 741; baseline -0.001 -18"><span class='ocrx_word' id='word_1_40' title='bbox 148 663 217 724; x_wconf 89' lang='lat' dir='ltr'><strong>biae</strong></span> <span class='ocrx_word' id='word_1_41' title='bbox 237 671 286 722; x_wconf 90' lang='lat' dir='ltr'><strong>aut</strong></span> <span class='ocrx_word' id='word_1_42' title='bbox 309 661 408 724; x_wconf 90' lang='lat' dir='ltr'><strong>Canen</strong></span> <span class='ocrx_word' id='word_1_43' title='bbox 430 664 568 723; x_wconf 84' lang='lat' dir='ltr'><strong>turiferae</strong></span> <span class='ocrx_word' id='word_1_44' title='bbox 584 664 725 741; x_wconf 82' lang='lat' dir='ltr'><strong>regionis.</strong></span> <span class='ocrx_word' id='word_1_45' title='bbox 756 671 802 722; x_wconf 90' lang='lat' dir='ltr'><strong>est</strong></span> <span class='ocrx_word' id='word_1_46' title='bbox 821 670 853 722; x_wconf 91' lang='lat' dir='ltr'><strong>et</strong></span> <span class='ocrx_word' id='word_1_47' title='bbox 869 662 972 720; x_wconf 90' lang='lat' dir='ltr'><strong>tertius</strong></span> <span class='ocrx_word' id='word_1_48' title='bbox 987 671 1092 740; x_wconf 93' lang='lat' dir='ltr'><strong>portus</strong></span> <span class='ocrx_word' id='word_1_49' title='bbox 1112 665 1188 741; x_wconf 80' lang='lat' dir='ltr'><strong>quit</strong></span> 
     </span>
     <span class='ocr_line' id='line_1_7' title="bbox 149 745 1161 825; baseline -0.002 -18"><span class='ocrx_word' id='word_1_50' title='bbox 149 756 271 807; x_wconf 92' lang='lat' dir='ltr'><strong>vocatur</strong></span> <span class='ocrx_word' id='word_1_51' title='bbox 285 746 385 821; x_wconf 84' lang='lat' dir='ltr'><strong>Nona,</strong></span> <span class='ocrx_word' id='word_1_52' title='bbox 402 765 486 825; x_wconf 87' lang='lat' dir='ltr'><strong>quem</strong></span> <span class='ocrx_word' id='word_1_53' title='bbox 499 745 595 806; x_wconf 91' lang='lat' dir='ltr'><strong>lndiea</strong></span> <span class='ocrx_word' id='word_1_54' title='bbox 611 748 757 823; x_wconf 90' lang='lat' dir='ltr'><strong>navigatio</strong></span> <span class='ocrx_word' id='word_1_55' title='bbox 769 763 827 805; x_wconf 93' lang='lat' dir='ltr'><strong>non</strong></span> <span class='ocrx_word' id='word_1_56' title='bbox 838 747 928 824; x_wconf 86' lang='lat' dir='ltr'><strong>petit,</strong></span> <span class='ocrx_word' id='word_1_57' title='bbox 945 763 1001 805; x_wconf 86' lang='lat' dir='ltr'><strong>nee</strong></span> <span class='ocrx_word' id='word_1_58' title='bbox 1016 747 1072 806; x_wconf 91' lang='lat' dir='ltr'><strong>nisi</strong></span> <span class='ocrx_word' id='word_1_59' title='bbox 1088 748 1161 806; x_wconf 88' lang='lat' dir='ltr'><strong>turis</strong></span> 
     </span>
     <span class='ocr_line' id='line_1_8' title="bbox 150 829 1162 909; baseline -0.002 -17"><span class='ocrx_word' id='word_1_60' title='bbox 150 832 330 909; x_wconf 90' lang='lat' dir='ltr'><strong>odorumque</strong></span> <span class='ocrx_word' id='word_1_61' title='bbox 356 831 549 890; x_wconf 84' lang='lat' dir='ltr'><strong>hrabieorum</strong></span> <span class='ocrx_word' id='word_1_62' title='bbox 570 840 761 890; x_wconf 83' lang='lat' dir='ltr'><strong>mercatores.</strong></span> <span class='ocrx_word' id='word_1_63' title='bbox 805 830 880 889; x_wconf 90' lang='lat' dir='ltr'><strong>intus</strong></span> <span class='ocrx_word' id='word_1_64' title='bbox 902 829 1056 908; x_wconf 86' lang='lat' dir='ltr'><strong>oppidum,</strong></span> <span class='ocrx_word' id='word_1_65' title='bbox 1078 833 1162 907; x_wconf 88' lang='lat' dir='ltr'><strong>regia</strong></span> 
     </span>
     <span class='ocr_line' id='line_1_9' title="bbox 149 912 1160 993; baseline -0.002 -18"><span class='ocrx_word' id='word_1_66' title='bbox 149 918 231 992; x_wconf 86' lang='lat' dir='ltr'><strong>eius,</strong></span> <span class='ocrx_word' id='word_1_67' title='bbox 247 915 410 993; x_wconf 86' lang='lat' dir='ltr'><strong>appellatur</strong></span> <span class='ocrx_word' id='word_1_68' title='bbox 422 913 568 993; x_wconf 87' lang='lat' dir='ltr'><strong>Sapphar,</strong></span> <span class='ocrx_word' id='word_1_69' title='bbox 585 914 719 992; x_wconf 87' lang='lat' dir='ltr'><strong>aliudque</strong></span> <span class='ocrx_word' id='word_1_70' title='bbox 734 913 820 973; x_wconf 89' lang='lat' dir='ltr'><strong>Save.</strong></span> <span class='ocrx_word' id='word_1_71' title='bbox 849 912 936 974; x_wconf 91' lang='lat' dir='ltr'><strong>lndos</strong></span> <span class='ocrx_word' id='word_1_72' title='bbox 949 922 1044 973; x_wconf 89' lang='lat' dir='ltr'><strong>autem</strong></span> <span class='ocrx_word' id='word_1_73' title='bbox 1058 923 1160 992; x_wconf 88' lang='lat' dir='ltr'><strong>peten-</strong></span> 
     </span>
     <span class='ocr_line' id='line_1_10' title="bbox 151 996 1159 1076; baseline -0.002 -18"><span class='ocrx_word' id='word_1_74' title='bbox 151 999 228 1058; x_wconf 81' lang='lat' dir='ltr'><strong>tibus</strong></span> <span class='ocrx_word' id='word_1_75' title='bbox 251 999 433 1059; x_wconf 90' lang='lat' dir='ltr'><strong>utilissimum</strong></span> <span class='ocrx_word' id='word_1_76' title='bbox 453 1007 500 1058; x_wconf 90' lang='lat' dir='ltr'><strong>est</strong></span> <span class='ocrx_word' id='word_1_77' title='bbox 523 999 559 1058; x_wconf 92' lang='lat' dir='ltr'><strong>ab</strong></span> <span class='ocrx_word' id='word_1_78' title='bbox 584 996 666 1058; x_wconf 87' lang='lat' dir='ltr'><strong>Oceli</strong></span> <span class='ocrx_word' id='word_1_79' title='bbox 690 997 801 1076; x_wconf 80' lang='lat' dir='ltr'><strong>egredi.</strong></span> <span class='ocrx_word' id='word_1_80' title='bbox 841 996 908 1057; x_wconf 90' lang='lat' dir='ltr'><strong>inde</strong></span> <span class='ocrx_word' id='word_1_81' title='bbox 928 1005 1019 1056; x_wconf 88' lang='lat' dir='ltr'><strong>vento</strong></span> <span class='ocrx_word' id='word_1_82' title='bbox 1040 997 1159 1076; x_wconf 85' lang='lat' dir='ltr'><strong>hippalo</strong></span> 
     </span>
     <span class='ocr_line' id='line_1_11' title="bbox 148 1079 1196 1160; baseline -0.003 -18"><span class='ocrx_word' id='word_1_83' title='bbox 148 1085 285 1160; x_wconf 82' lang='lat' dir='ltr'><strong>navigant</strong></span> <span class='ocrx_word' id='word_1_84' title='bbox 300 1083 403 1143; x_wconf 90' lang='lat' dir='ltr'><strong>diebus</strong></span> <span class='ocrx_word' id='word_1_85' title='bbox 419 1081 469 1142; x_wconf 87' lang='lat' dir='ltr'><strong>XL</strong></span> <span class='ocrx_word' id='word_1_86' title='bbox 485 1081 519 1141; x_wconf 93' lang='lat' dir='ltr'><strong>ad</strong></span> <span class='ocrx_word' id='word_1_87' title='bbox 531 1084 652 1160; x_wconf 94' lang='lat' dir='ltr'><strong>primum</strong></span> <span class='ocrx_word' id='word_1_88' title='bbox 666 1083 825 1160; x_wconf 89' lang='lat' dir='ltr'><strong>emporium</strong></span> <span class='ocrx_word' id='word_1_89' title='bbox 840 1080 939 1141; x_wconf 89' lang='lat' dir='ltr'><strong>Indiae</strong></span> <span class='ocrx_word' id='word_1_90' title='bbox 953 1079 1086 1140; x_wconf 87' lang='lat' dir='ltr'><strong>Nunirim</strong></span> <span class='ocrx_word' id='word_1_91' title='bbox 1102 1098 1160 1141; x_wconf 91' lang='lat' dir='ltr'><strong>non</strong></span> <span class='ocrx_word' id='word_1_92' title='bbox 1172 1094 1196 1133; x_wconf 78' lang='grc' dir='ltr'><strong>ιο</strong></span> 
     </span>
     <span class='ocr_line' id='line_1_12' title="bbox 149 1164 1160 1244; baseline -0.002 -18"><span class='ocrx_word' id='word_1_93' title='bbox 149 1165 344 1244; x_wconf 83' lang='lat' dir='ltr'><strong>expetendum</strong></span> <span class='ocrx_word' id='word_1_94' title='bbox 369 1175 491 1243; x_wconf 91' lang='lat' dir='ltr'><strong>propter</strong></span> <span class='ocrx_word' id='word_1_95' title='bbox 505 1167 617 1226; x_wconf 93' lang='lat' dir='ltr'><strong>vicinos</strong></span> <span class='ocrx_word' id='word_1_96' title='bbox 639 1167 747 1243; x_wconf 89' lang='lat' dir='ltr'><strong>piratas</strong></span> <span class='ocrx_word' id='word_1_97' title='bbox 771 1166 819 1244; x_wconf 89' lang='lat' dir='ltr'><strong>qui</strong></span> <span class='ocrx_word' id='word_1_98' title='bbox 839 1167 972 1243; x_wconf 88' lang='lat' dir='ltr'><strong>optinent</strong></span> <span class='ocrx_word' id='word_1_99' title='bbox 991 1164 1088 1224; x_wconf 93' lang='lat' dir='ltr'><strong>locum</strong></span> <span class='ocrx_word' id='word_1_100' title='bbox 1109 1182 1160 1224; x_wconf 91' lang='lat' dir='ltr'><strong>no·</strong></span> 
     </span>
     <span class='ocr_line' id='line_1_13' title="bbox 147 1247 1159 1327; baseline 0 -19"><span class='ocrx_word' id='word_1_101' title='bbox 147 1252 223 1309; x_wconf 90' lang='lat' dir='ltr'><strong>mine</strong></span> <span class='ocrx_word' id='word_1_102' title='bbox 240 1247 368 1325; x_wconf 87' lang='lat' dir='ltr'><strong>Nitrias,</strong></span> <span class='ocrx_word' id='word_1_103' title='bbox 383 1266 480 1326; x_wconf 89' lang='lat' dir='ltr'><strong>neque</strong></span> <span class='ocrx_word' id='word_1_104' title='bbox 494 1259 541 1310; x_wconf 90' lang='lat' dir='ltr'><strong>est</strong></span> <span class='ocrx_word' id='word_1_105' title='bbox 555 1249 700 1309; x_wconf 91' lang='lat' dir='ltr'><strong>abundans</strong></span> <span class='ocrx_word' id='word_1_106' title='bbox 711 1248 868 1309; x_wconf 88' lang='lat' dir='ltr'><strong>mercibus.</strong></span> <span class='ocrx_word' id='word_1_107' title='bbox 899 1257 1053 1327; x_wconf 88' lang='lat' dir='ltr'><strong>praeterea</strong></span> <span class='ocrx_word' id='word_1_108' title='bbox 1069 1249 1159 1326; x_wconf 89' lang='lat' dir='ltr'><strong>longe</strong></span> 
     </span>
     <span class='ocr_line' id='line_1_14' title="bbox 148 1332 1160 1410; baseline 0 -18"><span class='ocrx_word' id='word_1_109' title='bbox 148 1349 164 1392; x_wconf 91' lang='lat' dir='ltr'><strong>a</strong></span> <span class='ocrx_word' id='word_1_110' title='bbox 180 1341 259 1392; x_wconf 88' lang='lat' dir='ltr'><strong>terra</strong></span> <span class='ocrx_word' id='word_1_111' title='bbox 279 1332 363 1392; x_wconf 92' lang='lat' dir='ltr'><strong>abest</strong></span> <span class='ocrx_word' id='word_1_112' title='bbox 379 1335 490 1392; x_wconf 89' lang='lat' dir='ltr'><strong>navium</strong></span> <span class='ocrx_word' id='word_1_113' title='bbox 507 1336 610 1408; x_wconf 90' lang='lat' dir='ltr'><strong>statio,</strong></span> <span class='ocrx_word' id='word_1_114' title='bbox 631 1332 823 1410; x_wconf 81' lang='lat' dir='ltr'><strong>lintribusque</strong></span> <span class='ocrx_word' id='word_1_115' title='bbox 838 1333 1007 1393; x_wconf 76' lang='lat' dir='ltr'><strong>adferuntur</strong></span> <span class='ocrx_word' id='word_1_116' title='bbox 1023 1350 1115 1392; x_wconf 89' lang='lat' dir='ltr'><strong>onera</strong></span> <span class='ocrx_word' id='word_1_117' title='bbox 1130 1341 1160 1392; x_wconf 88' lang='lat' dir='ltr'><strong>et</strong></span> 
     </span>
     <span class='ocr_line' id='line_1_15' title="bbox 149 1412 1158 1495; baseline 0.001 -21"><span class='ocrx_word' id='word_1_118' title='bbox 149 1425 318 1493; x_wconf 85' lang='lat' dir='ltr'><strong>egeruntur.</strong></span> <span class='ocrx_word' id='word_1_119' title='bbox 348 1417 491 1494; x_wconf 82' lang='lat' dir='ltr'><strong>regnabat</strong></span> <span class='ocrx_word' id='word_1_120' title='bbox 505 1418 561 1494; x_wconf 90' lang='lat' dir='ltr'><strong>ibi,</strong></span> <span class='ocrx_word' id='word_1_121' title='bbox 578 1436 641 1477; x_wconf 91' lang='lat' dir='ltr'><strong>eum</strong></span> <span class='ocrx_word' id='word_1_122' title='bbox 656 1416 811 1495; x_wconf 88' lang='lat' dir='ltr'><strong>proderem</strong></span> <span class='ocrx_word' id='word_1_123' title='bbox 827 1416 913 1493; x_wconf 89' lang='lat' dir='ltr'><strong>haee,</strong></span> <span class='ocrx_word' id='word_1_124' title='bbox 933 1412 1158 1476; x_wconf 85' lang='lat' dir='ltr'><strong>Caelobothras.</strong></span> 
     </span>
     <span class='ocr_line' id='line_1_16' title="bbox 97 1499 1195 1580; baseline 0.004 -26"><span class='ocrx_word' id='word_1_125' title='bbox 97 1502 146 1555; x_wconf 80' lang='lat' dir='ltr'><strong>too</strong></span> <span class='ocrx_word' id='word_1_126' title='bbox 156 1499 242 1559; x_wconf 80' lang='lat' dir='ltr'><strong>Alius</strong></span> <span class='ocrx_word' id='word_1_127' title='bbox 261 1501 360 1560; x_wconf 90' lang='lat' dir='ltr'><strong>utilior</strong></span> <span class='ocrx_word' id='word_1_128' title='bbox 376 1511 478 1580; x_wconf 90' lang='lat' dir='ltr'><strong>portus</strong></span> <span class='ocrx_word' id='word_1_129' title='bbox 498 1504 595 1579; x_wconf 90' lang='lat' dir='ltr'><strong>gentis</strong></span> <span class='ocrx_word' id='word_1_130' title='bbox 616 1499 809 1576; x_wconf 79' lang='lat' dir='ltr'><strong>Neacyndon,</strong></span> <span class='ocrx_word' id='word_1_131' title='bbox 833 1502 880 1579; x_wconf 90' lang='lat' dir='ltr'><strong>qui</strong></span> <span class='ocrx_word' id='word_1_132' title='bbox 896 1499 1157 1577; x_wconf 76' lang='lat' dir='ltr'><strong>vocaturbeeare.</strong></span> <span class='ocrx_word' id='word_1_133' title='bbox 1172 1512 1195 1552; x_wconf 74' lang='lat'><strong>15</strong></span> 
     </span>
     <span class='ocr_line' id='line_1_17' title="bbox 146 1582 1158 1662; baseline -0.002 -18"><span class='ocrx_word' id='word_1_134' title='bbox 146 1584 187 1644; x_wconf 96' lang='lat' dir='ltr'><strong>ibi</strong></span> <span class='ocrx_word' id='word_1_135' title='bbox 200 1585 342 1662; x_wconf 88' lang='lat' dir='ltr'><strong>regnabat</strong></span> <span class='ocrx_word' id='word_1_136' title='bbox 354 1584 500 1661; x_wconf 87' lang='lat' dir='ltr'><strong>Pandion,</strong></span> <span class='ocrx_word' id='word_1_137' title='bbox 513 1585 602 1662; x_wconf 92' lang='lat' dir='ltr'><strong>longe</strong></span> <span class='ocrx_word' id='word_1_138' title='bbox 615 1584 651 1644; x_wconf 92' lang='lat' dir='ltr'><strong>ab</strong></span> <span class='ocrx_word' id='word_1_139' title='bbox 664 1586 795 1662; x_wconf 90' lang='lat' dir='ltr'><strong>emporio</strong></span> <span class='ocrx_word' id='word_1_140' title='bbox 806 1583 1020 1644; x_wconf 89' lang='lat' dir='ltr'><strong>mediterraneo</strong></span> <span class='ocrx_word' id='word_1_141' title='bbox 1032 1582 1158 1643; x_wconf 88' lang='lat' dir='ltr'><strong>distante</strong></span> 
     </span>
     <span class='ocr_line' id='line_1_18' title="bbox 147 1667 1157 1746; baseline 0 -19"><span class='ocrx_word' id='word_1_142' title='bbox 147 1667 256 1746; x_wconf 93' lang='lat' dir='ltr'><strong>oppido</strong></span> <span class='ocrx_word' id='word_1_143' title='bbox 273 1670 351 1746; x_wconf 86' lang='lat' dir='ltr'><strong>quod</strong></span> <span class='ocrx_word' id='word_1_144' title='bbox 365 1679 487 1729; x_wconf 89' lang='lat' dir='ltr'><strong>vocatur</strong></span> <span class='ocrx_word' id='word_1_145' title='bbox 501 1668 631 1730; x_wconf 87' lang='lat' dir='ltr'><strong>hlodura.</strong></span> <span class='ocrx_word' id='word_1_146' title='bbox 663 1670 747 1745; x_wconf 87' lang='lat' dir='ltr'><strong>regio</strong></span> <span class='ocrx_word' id='word_1_147' title='bbox 761 1676 857 1727; x_wconf 88' lang='lat' dir='ltr'><strong>antem</strong></span> <span class='ocrx_word' id='word_1_148' title='bbox 873 1685 911 1727; x_wconf 80' lang='lat' dir='ltr'><strong>ex</strong></span> <span class='ocrx_word' id='word_1_149' title='bbox 926 1684 981 1744; x_wconf 93' lang='lat' dir='ltr'><strong>qua</strong></span> <span class='ocrx_word' id='word_1_150' title='bbox 996 1668 1084 1745; x_wconf 89' lang='lat' dir='ltr'><strong>piper</strong></span> <span class='ocrx_word' id='word_1_151' title='bbox 1098 1685 1157 1743; x_wconf 59' lang='lat' dir='ltr'><strong>mof</strong></span> 
     </span>
     <span class='ocr_line' id='line_1_19' title="bbox 145 1748 1157 1828; baseline 0 -18"><span class='ocrx_word' id='word_1_152' title='bbox 145 1752 262 1827; x_wconf 77' lang='lat' dir='ltr'><strong>nonylis</strong></span> <span class='ocrx_word' id='word_1_153' title='bbox 279 1752 412 1811; x_wconf 88' lang='lat' dir='ltr'><strong>lintribus</strong></span> <span class='ocrx_word' id='word_1_154' title='bbox 428 1751 557 1813; x_wconf 89' lang='lat' dir='ltr'><strong>Becaren</strong></span> <span class='ocrx_word' id='word_1_155' title='bbox 575 1751 739 1814; x_wconf 90' lang='lat' dir='ltr'><strong>convehunt</strong></span> <span class='ocrx_word' id='word_1_156' title='bbox 754 1759 873 1810; x_wconf 88' lang='lat' dir='ltr'><strong>vocatur</strong></span> <span class='ocrx_word' id='word_1_157' title='bbox 889 1748 1067 1820; x_wconf 83' lang='lat' dir='ltr'><strong>Cottonara,</strong></span> <span class='ocrx_word' id='word_1_158' title='bbox 1083 1769 1157 1828; x_wconf 89' lang='lat' dir='ltr'><strong>quae</strong></span> 
     </span>
     <span class='ocr_line' id='line_1_20' title="bbox 147 1834 1157 1915; baseline 0 -20"><span class='ocrx_word' id='word_1_159' title='bbox 147 1837 242 1895; x_wconf 90' lang='lat' dir='ltr'><strong>omnia</strong></span> <span class='ocrx_word' id='word_1_160' title='bbox 264 1839 393 1913; x_wconf 87' lang='lat' dir='ltr'><strong>gentium</strong></span> <span class='ocrx_word' id='word_1_161' title='bbox 414 1845 586 1915; x_wconf 85' lang='lat' dir='ltr'><strong>portuumve</strong></span> <span class='ocrx_word' id='word_1_162' title='bbox 610 1845 658 1897; x_wconf 89' lang='lat' dir='ltr'><strong>aut</strong></span> <span class='ocrx_word' id='word_1_163' title='bbox 681 1836 851 1913; x_wconf 89' lang='lat' dir='ltr'><strong>oppidorum</strong></span> <span class='ocrx_word' id='word_1_164' title='bbox 874 1835 988 1894; x_wconf 90' lang='lat' dir='ltr'><strong>nomina</strong></span> <span class='ocrx_word' id='word_1_165' title='bbox 1011 1834 1087 1912; x_wconf 92' lang='lat' dir='ltr'><strong>apud</strong></span> <span class='ocrx_word' id='word_1_166' title='bbox 1108 1853 1157 1895; x_wconf 88' lang='lat' dir='ltr'><strong>nc·</strong></span> 
     </span>
     <span class='ocr_line' id='line_1_21' title="bbox 145 1918 1192 1999; baseline 0.001 -22"><span class='ocrx_word' id='word_1_167' title='bbox 145 1921 249 1978; x_wconf 86' lang='lat' dir='ltr'><strong>minem</strong></span> <span class='ocrx_word' id='word_1_168' title='bbox 281 1923 409 1998; x_wconf 88' lang='lat' dir='ltr'><strong>priorum</strong></span> <span class='ocrx_word' id='word_1_169' title='bbox 434 1923 645 1999; x_wconf 78' lang='lat' dir='ltr'><strong>reperiuntur,</strong></span> <span class='ocrx_word' id='word_1_170' title='bbox 670 1936 727 1997; x_wconf 86' lang='lat' dir='ltr'><strong>quo</strong></span> <span class='ocrx_word' id='word_1_171' title='bbox 752 1926 874 1997; x_wconf 88' lang='lat' dir='ltr'><strong>apparet</strong></span> <span class='ocrx_word' id='word_1_172' title='bbox 894 1919 997 1977; x_wconf 90' lang='lat' dir='ltr'><strong>mutari</strong></span> <span class='ocrx_word' id='word_1_173' title='bbox 1025 1918 1192 1978; x_wconf 77' lang='lat' dir='ltr'><strong>locorumc</strong></span> 
     </span>
     <span class='ocr_line' id='line_1_22' title="bbox 94 1999 1156 2081; baseline 0.002 -22"><span class='ocrx_word' id='word_1_174' title='bbox 94 2003 145 2056; x_wconf 85' lang='grc'><strong>106</strong></span> <span class='ocrx_word' id='word_1_175' title='bbox 156 2012 277 2062; x_wconf 89' lang='lat' dir='ltr'><strong>statuus.</strong></span> <span class='ocrx_word' id='word_1_176' title='bbox 320 2002 366 2062; x_wconf 85' lang='lat' dir='ltr'><strong>Ex</strong></span> <span class='ocrx_word' id='word_1_177' title='bbox 387 2004 466 2064; x_wconf 93' lang='lat' dir='ltr'><strong>lndia</strong></span> <span class='ocrx_word' id='word_1_178' title='bbox 494 2006 665 2081; x_wconf 85' lang='lat' dir='ltr'><strong>renavigant</strong></span> <span class='ocrx_word' id='word_1_179' title='bbox 688 2021 788 2063; x_wconf 90' lang='lat' dir='ltr'><strong>mense</strong></span> <span class='ocrx_word' id='word_1_180' title='bbox 810 2003 962 2080; x_wconf 77' lang='lat' dir='ltr'><strong>Aegyptio</strong></span> <span class='ocrx_word' id='word_1_181' title='bbox 988 1999 1063 2077; x_wconf 78' lang='lat' dir='ltr'><strong>Tybi</strong></span> <span class='ocrx_word' id='word_1_182' title='bbox 1085 2004 1156 2063; x_wconf 92' lang='lat' dir='ltr'><strong>inci·</strong></span> 
     </span>
     <span class='ocr_line' id='line_1_23' title="bbox 144 2084 1156 2164; baseline 0.001 -20"><span class='ocrx_word' id='word_1_183' title='bbox 144 2088 263 2164; x_wconf 91' lang='lat' dir='ltr'><strong>piente,</strong></span> <span class='ocrx_word' id='word_1_184' title='bbox 279 2097 382 2146; x_wconf 90' lang='lat' dir='ltr'><strong>nostro</strong></span> <span class='ocrx_word' id='word_1_185' title='bbox 403 2088 568 2164; x_wconf 84' lang='lat' dir='ltr'><strong>decembri,</strong></span> <span class='ocrx_word' id='word_1_186' title='bbox 590 2097 638 2146; x_wconf 90' lang='lat' dir='ltr'><strong>aut</strong></span> <span class='ocrx_word' id='word_1_187' title='bbox 655 2088 753 2163; x_wconf 88' lang='lat' dir='ltr'><strong>utique</strong></span> <span class='ocrx_word' id='word_1_188' title='bbox 768 2084 906 2146; x_wconf 83' lang='lat' dir='ltr'><strong>Mechiris</strong></span> <span class='ocrx_word' id='word_1_189' title='bbox 922 2085 1063 2163; x_wconf 78' lang='lat' dir='ltr'><strong>Aegyptii</strong></span> <span class='ocrx_word' id='word_1_190' title='bbox 1081 2087 1156 2146; x_wconf 79' lang='lat' dir='ltr'><strong>intra‘</strong></span> 
     </span>
     <span class='ocr_line' id='line_1_24' title="bbox 144 2168 1156 2248; baseline -0.003 -19"><span class='ocrx_word' id='word_1_191' title='bbox 144 2169 221 2229; x_wconf 90' lang='lat' dir='ltr'><strong>diem</strong></span> <span class='ocrx_word' id='word_1_192' title='bbox 235 2179 360 2246; x_wconf 86' lang='lat' dir='ltr'><strong>sextum,</strong></span> <span class='ocrx_word' id='word_1_193' title='bbox 376 2170 453 2248; x_wconf 90' lang='lat' dir='ltr'><strong>quod</strong></span> <span class='ocrx_word' id='word_1_194' title='bbox 465 2170 495 2230; x_wconf 85' lang='lat' dir='ltr'><strong>ht</strong></span> <span class='ocrx_word' id='word_1_195' title='bbox 510 2173 584 2229; x_wconf 90' lang='lat' dir='ltr'><strong>intra</strong></span> <span class='ocrx_word' id='word_1_196' title='bbox 596 2170 677 2230; x_wconf 87' lang='lat' dir='ltr'><strong>iduus</strong></span> <span class='ocrx_word' id='word_1_197' title='bbox 690 2168 835 2229; x_wconf 91' lang='lat' dir='ltr'><strong>lanuarias</strong></span> <span class='ocrx_word' id='word_1_198' title='bbox 849 2178 974 2229; x_wconf 87' lang='lat' dir='ltr'><strong>nostras.</strong></span> <span class='ocrx_word' id='word_1_199' title='bbox 998 2170 1040 2228; x_wconf 88' lang='lat' dir='ltr'><strong>ita</strong></span> <span class='ocrx_word' id='word_1_200' title='bbox 1055 2171 1156 2229; x_wconf 88' lang='lat' dir='ltr'><strong>evenit</strong></span> 
     </span>
     <span class='ocr_line' id='line_1_25' title="bbox 144 2251 1155 2331; baseline 0.001 -20"><span class='ocrx_word' id='word_1_201' title='bbox 144 2260 175 2311; x_wconf 93' lang='lat' dir='ltr'><strong>ut</strong></span> <span class='ocrx_word' id='word_1_202' title='bbox 191 2251 295 2312; x_wconf 89' lang='lat' dir='ltr'><strong>eodem</strong></span> <span class='ocrx_word' id='word_1_203' title='bbox 311 2272 385 2313; x_wconf 90' lang='lat' dir='ltr'><strong>anno</strong></span> <span class='ocrx_word' id='word_1_204' title='bbox 400 2262 541 2314; x_wconf 88' lang='lat' dir='ltr'><strong>remeent.</strong></span> <span class='ocrx_word' id='word_1_205' title='bbox 573 2256 709 2331; x_wconf 88' lang='lat' dir='ltr'><strong>navigant</strong></span> <span class='ocrx_word' id='word_1_206' title='bbox 729 2263 823 2312; x_wconf 89' lang='lat' dir='ltr'><strong>autem</strong></span> <span class='ocrx_word' id='word_1_207' title='bbox 839 2271 877 2313; x_wconf 82' lang='lat' dir='ltr'><strong>ex</strong></span> <span class='ocrx_word' id='word_1_208' title='bbox 891 2252 971 2312; x_wconf 90' lang='lat' dir='ltr'><strong>ludia</strong></span> <span class='ocrx_word' id='word_1_209' title='bbox 986 2260 1076 2311; x_wconf 89' lang='lat' dir='ltr'><strong>vento</strong></span> <span class='ocrx_word' id='word_1_210' title='bbox 1089 2253 1155 2312; x_wconf 86' lang='lat' dir='ltr'><strong>vol·</strong></span> 
     </span>
     <span class='ocr_line' id='line_1_26' title="bbox 144 2336 1191 2414; baseline 0.002 -20"><span class='ocrx_word' id='word_1_211' title='bbox 144 2344 227 2397; x_wconf 82' lang='lat' dir='ltr'><strong>turmo</strong></span> <span class='ocrx_word' id='word_1_212' title='bbox 247 2344 294 2413; x_wconf 92' lang='lat' dir='ltr'><strong>et,</strong></span> <span class='ocrx_word' id='word_1_213' title='bbox 321 2355 384 2396; x_wconf 91' lang='lat' dir='ltr'><strong>cum</strong></span> <span class='ocrx_word' id='word_1_214' title='bbox 405 2340 552 2397; x_wconf 89' lang='lat' dir='ltr'><strong>intravere</strong></span> <span class='ocrx_word' id='word_1_215' title='bbox 573 2336 701 2397; x_wconf 90' lang='lat' dir='ltr'><strong>Rubrum</strong></span> <span class='ocrx_word' id='word_1_216' title='bbox 726 2355 822 2414; x_wconf 90' lang='lat' dir='ltr'><strong>mare,</strong></span> <span class='ocrx_word' id='word_1_217' title='bbox 851 2337 953 2396; x_wconf 83' lang='lat' dir='ltr'><strong>hirioo</strong></span> <span class='ocrx_word' id='word_1_218' title='bbox 976 2336 1024 2396; x_wconf 90' lang='lat' dir='ltr'><strong>vel</strong></span> <span class='ocrx_word' id='word_1_219' title='bbox 1044 2344 1153 2396; x_wconf 93' lang='lat' dir='ltr'><strong>austro.</strong></span> <span class='ocrx_word' id='word_1_220' title='bbox 1166 2346 1191 2388; x_wconf 78' lang='lat'><strong>25</strong></span> 
     </span>
     <span class='ocr_line' id='line_1_27' title="bbox 143 2419 1167 2500; baseline 0.001 -21"><span class='ocrx_word' id='word_1_221' title='bbox 143 2419 225 2480; x_wconf 91' lang='lat' dir='ltr'><strong>Nunc</strong></span> <span class='ocrx_word' id='word_1_222' title='bbox 238 2430 421 2481; x_wconf 89' lang='lat' dir='ltr'><strong>revertemur</strong></span> <span class='ocrx_word' id='word_1_223' title='bbox 439 2421 473 2481; x_wconf 92' lang='lat' dir='ltr'><strong>ad</strong></span> <span class='ocrx_word' id='word_1_224' title='bbox 491 2422 683 2500; x_wconf 85' lang='lat' dir='ltr'><strong>propositum.</strong></span> <span class='ocrx_word' id='word_1_225' title='bbox 1164 2446 1167 2451; x_wconf 94' lang='lat'><em>·</em></span> 
     </span>
     <span class='ocr_line' id='line_1_28' title="bbox 92 2501 1154 2584; baseline -0.003 -19"><span class='ocrx_word' id='word_1_226' title='bbox 92 2511 141 2565; x_wconf 88' lang='grc'><strong>101</strong></span> <span class='ocrx_word' id='word_1_227' title='bbox 217 2502 301 2583; x_wconf 79' lang='lat'><strong>(27.)</strong></span> <span class='ocrx_word' id='word_1_228' title='bbox 327 2502 494 2565; x_wconf 86' lang='lat' dir='ltr'><strong>Carmaniae</strong></span> <span class='ocrx_word' id='word_1_229' title='bbox 520 2523 599 2565; x_wconf 91' lang='lat' dir='ltr'><strong>oram</strong></span> <span class='ocrx_word' id='word_1_230' title='bbox 619 2513 720 2584; x_wconf 87' lang='lat' dir='ltr'><strong>patere</strong></span> <span class='ocrx_word' id='word_1_231' title='bbox 739 2503 916 2564; x_wconf 89' lang='lat' dir='ltr'><strong>duodeciens</strong></span> <span class='ocrx_word' id='word_1_232' title='bbox 935 2501 957 2562; x_wconf 89' lang='lat' dir='ltr'><strong>h</strong></span> <span class='ocrx_word' id='word_1_233' title='bbox 973 2501 1003 2563; x_wconf 80' lang='lat' dir='ltr'><strong>li</strong></span> <span class='ocrx_word' id='word_1_234' title='bbox 1018 2521 1154 2580; x_wconf 90' lang='lat' dir='ltr'><strong>passuum</strong></span> 
     </span>
     <span class='ocr_line' id='line_1_29' title="bbox 142 2584 1154 2666; baseline 0.002 -21"><span class='ocrx_word' id='word_1_235' title='bbox 142 2585 293 2649; x_wconf 89' lang='lat' dir='ltr'><strong>Nearchus</strong></span> <span class='ocrx_word' id='word_1_236' title='bbox 309 2590 434 2666; x_wconf 87' lang='lat' dir='ltr'><strong>scripsit.</strong></span> <span class='ocrx_word' id='word_1_237' title='bbox 468 2589 504 2650; x_wconf 91' lang='lat' dir='ltr'><strong>ab</strong></span> <span class='ocrx_word' id='word_1_238' title='bbox 525 2591 608 2648; x_wconf 94' lang='lat' dir='ltr'><strong>initio</strong></span> <span class='ocrx_word' id='word_1_239' title='bbox 627 2591 690 2648; x_wconf 92' lang='lat' dir='ltr'><strong>eius</strong></span> <span class='ocrx_word' id='word_1_240' title='bbox 713 2586 748 2647; x_wconf 92' lang='lat' dir='ltr'><strong>ad</strong></span> <span class='ocrx_word' id='word_1_241' title='bbox 764 2587 869 2647; x_wconf 85' lang='lat' dir='ltr'><strong>flumen</strong></span> <span class='ocrx_word' id='word_1_242' title='bbox 891 2587 987 2646; x_wconf 91' lang='lat' dir='ltr'><strong>Sabim</strong></span> <span class='ocrx_word' id='word_1_243' title='bbox 1005 2584 1028 2646; x_wconf 96' lang='lat' dir='ltr'><strong>C</strong></span> <span class='ocrx_word' id='word_1_244' title='bbox 1045 2585 1074 2645; x_wconf 88' lang='grc' dir='ltr'><strong>Μ</strong></span> <span class='ocrx_word' id='word_1_245' title='bbox 1090 2605 1154 2664; x_wconf 84' lang='lat' dir='ltr'><strong>pas·</strong></span> 
     </span>
     <span class='ocr_line' id='line_1_30' title="bbox 141 2668 1153 2732; baseline -0.001 -3"><span class='ocrx_word' id='word_1_246' title='bbox 141 2690 233 2731; x_wconf 88' lang='lat' dir='ltr'><strong>suum.</strong></span> <span class='ocrx_word' id='word_1_247' title='bbox 268 2672 335 2731; x_wconf 89' lang='lat' dir='ltr'><strong>inde</strong></span> <span class='ocrx_word' id='word_1_248' title='bbox 351 2674 452 2732; x_wconf 88' lang='lat' dir='ltr'><strong>vineas</strong></span> <span class='ocrx_word' id='word_1_249' title='bbox 474 2672 531 2732; x_wconf 91' lang='lat' dir='ltr'><strong>coli</strong></span> <span class='ocrx_word' id='word_1_250' title='bbox 551 2680 581 2732; x_wconf 89' lang='lat' dir='ltr'><strong>et</strong></span> <span class='ocrx_word' id='word_1_251' title='bbox 602 2690 671 2732; x_wconf 85' lang='lat' dir='ltr'><strong>arva</strong></span> <span class='ocrx_word' id='word_1_252' title='bbox 693 2672 728 2732; x_wconf 90' lang='lat' dir='ltr'><strong>ad</strong></span> <span class='ocrx_word' id='word_1_253' title='bbox 751 2670 857 2731; x_wconf 85' lang='lat' dir='ltr'><strong>[lumen</strong></span> <span class='ocrx_word' id='word_1_254' title='bbox 875 2670 996 2730; x_wconf 84' lang='lat' dir='ltr'><strong>hnauim</strong></span> <span class='ocrx_word' id='word_1_255' title='bbox 1018 2669 1104 2729; x_wconf 90' lang='lat' dir='ltr'><strong>XXV</strong></span> <span class='ocrx_word' id='word_1_256' title='bbox 1124 2668 1153 2728; x_wconf 88' lang='lat' dir='ltr'><strong>N</strong></span> 
     </span>
     <span class='ocr_line' id='line_1_31' title="bbox 141 2753 1189 2834; baseline -0.001 -20"><span class='ocrx_word' id='word_1_257' title='bbox 141 2757 246 2832; x_wconf 91' lang='lat' dir='ltr'><strong>spatio.</strong></span> <span class='ocrx_word' id='word_1_258' title='bbox 284 2757 369 2832; x_wconf 86' lang='lat' dir='ltr'><strong>regio</strong></span> <span class='ocrx_word' id='word_1_259' title='bbox 392 2763 511 2815; x_wconf 90' lang='lat' dir='ltr'><strong>vocatur</strong></span> <span class='ocrx_word' id='word_1_260' title='bbox 528 2755 670 2832; x_wconf 79' lang='lat' dir='ltr'><strong>hrmysia.</strong></span> <span class='ocrx_word' id='word_1_261' title='bbox 708 2754 814 2834; x_wconf 94' lang='lat' dir='ltr'><strong>oppida</strong></span> <span class='ocrx_word' id='word_1_262' title='bbox 834 2753 1002 2815; x_wconf 91' lang='lat' dir='ltr'><strong>Carmaniae</strong></span> <span class='ocrx_word' id='word_1_263' title='bbox 1017 2753 1100 2814; x_wconf 81' lang='lat' dir='ltr'><strong>Zetis</strong></span> <span class='ocrx_word' id='word_1_264' title='bbox 1121 2761 1152 2814; x_wconf 90' lang='lat' dir='ltr'><strong>et</strong></span> <span class='ocrx_word' id='word_1_265' title='bbox 1165 2767 1189 2807; x_wconf 78' lang='lat'><strong>³⁰</strong></span> 
     </span>
     <span class='ocr_line' id='line_1_32' title="bbox 140 2837 326 2899; baseline 0.005 -2"><span class='ocrx_word' id='word_1_266' title='bbox 140 2837 326 2899; x_wconf 82' lang='lat' dir='ltr'><strong>Alexandria.</strong></span> 
     </span>
    </p>

    <p class='ocr_par' dir='ltr' id='par_1_3' title="bbox 138 2919 1189 3319">
     <span class='ocr_line' id='line_1_33' title="bbox 204 2919 1152 3001; baseline -0.001 -19"><span class='ocrx_word' id='word_1_267' title='bbox 204 2919 288 3001; x_wconf 82' lang='lat'><strong>(28.)</strong></span> <span class='ocrx_word' id='word_1_268' title='bbox 314 2921 454 3000; x_wconf 83' lang='lat' dir='ltr'><strong>inrumpit</strong></span> <span class='ocrx_word' id='word_1_269' title='bbox 478 2922 583 2984; x_wconf 87' lang='lat' dir='ltr'><strong>deinde</strong></span> <span class='ocrx_word' id='word_1_270' title='bbox 609 2932 640 2984; x_wconf 91' lang='lat' dir='ltr'><strong>et</strong></span> <span class='ocrx_word' id='word_1_271' title='bbox 661 2924 703 2983; x_wconf 90' lang='lat' dir='ltr'><strong>in</strong></span> <span class='ocrx_word' id='word_1_272' title='bbox 717 2921 771 2983; x_wconf 91' lang='lat' dir='ltr'><strong>hae</strong></span> <span class='ocrx_word' id='word_1_273' title='bbox 796 2930 880 3000; x_wconf 92' lang='lat' dir='ltr'><strong>parte</strong></span> <span class='ocrx_word' id='word_1_274' title='bbox 904 2922 1048 2999; x_wconf 89' lang='lat' dir='ltr'><strong>geminum</strong></span> <span class='ocrx_word' id='word_1_275' title='bbox 1072 2939 1152 2981; x_wconf 87' lang='lat' dir='ltr'><strong>mare</strong></span> 
     </span>
     <span class='ocr_line' id='line_1_34' title="bbox 139 3003 1152 3086; baseline 0.002 -23"><span class='ocrx_word' id='word_1_276' title='bbox 139 3013 250 3082; x_wconf 91' lang='lat' dir='ltr'><strong>terras,</strong></span> <span class='ocrx_word' id='word_1_277' title='bbox 267 3008 345 3086; x_wconf 89' lang='lat' dir='ltr'><strong>quod</strong></span> <span class='ocrx_word' id='word_1_278' title='bbox 359 3005 487 3067; x_wconf 85' lang='lat' dir='ltr'><strong>Rubrum</strong></span> <span class='ocrx_word' id='word_1_279' title='bbox 504 3007 606 3067; x_wconf 86' lang='lat' dir='ltr'><strong>dixere</strong></span> <span class='ocrx_word' id='word_1_280' title='bbox 624 3008 733 3083; x_wconf 88' lang='lat' dir='ltr'><strong>nostri,</strong></span> <span class='ocrx_word' id='word_1_281' title='bbox 750 3005 853 3066; x_wconf 85' lang='lat' dir='ltr'><strong>Graeci</strong></span> <span class='ocrx_word' id='word_1_282' title='bbox 874 3003 1030 3079; x_wconf 82' lang='lat' dir='ltr'><strong>Erythrum</strong></span> <span class='ocrx_word' id='word_1_283' title='bbox 1047 3021 1152 3083; x_wconf 89' lang='lat' dir='ltr'><strong>arege</strong></span> 
     </span>
     <span class='ocr_line' id='line_1_35' title="bbox 138 3087 1151 3170; baseline -0.001 -22"><span class='ocrx_word' id='word_1_284' title='bbox 138 3087 281 3167; x_wconf 80' lang='lat' dir='ltr'><strong>Erythra,</strong></span> <span class='ocrx_word' id='word_1_285' title='bbox 296 3099 362 3168; x_wconf 92' lang='lat' dir='ltr'><strong>aut,</strong></span> <span class='ocrx_word' id='word_1_286' title='bbox 379 3100 409 3150; x_wconf 91' lang='lat' dir='ltr'><strong>ut</strong></span> <span class='ocrx_word' id='word_1_287' title='bbox 429 3091 496 3170; x_wconf 93' lang='lat' dir='ltr'><strong>alii,</strong></span> <span class='ocrx_word' id='word_1_288' title='bbox 513 3093 585 3152; x_wconf 90' lang='lat' dir='ltr'><strong>solis</strong></span> <span class='ocrx_word' id='word_1_289' title='bbox 599 3109 775 3170; x_wconf 87' lang='lat' dir='ltr'><strong>repercussu</strong></span> <span class='ocrx_word' id='word_1_290' title='bbox 791 3088 878 3149; x_wconf 91' lang='lat' dir='ltr'><strong>talem</strong></span> <span class='ocrx_word' id='word_1_291' title='bbox 889 3089 970 3149; x_wconf 90' lang='lat' dir='ltr'><strong>reddi</strong></span> <span class='ocrx_word' id='word_1_292' title='bbox 984 3090 1151 3148; x_wconf 86' lang='lat' dir='ltr'><strong>existiman·</strong></span> 
     </span>
     <span class='ocr_line' id='line_1_36' title="bbox 138 3170 1189 3253; baseline -0.004 -20"><span class='ocrx_word' id='word_1_293' title='bbox 138 3182 184 3234; x_wconf 89' lang='lat' dir='ltr'><strong>tes</strong></span> <span class='ocrx_word' id='word_1_294' title='bbox 206 3175 353 3251; x_wconf 87' lang='lat' dir='ltr'><strong>colorem,</strong></span> <span class='ocrx_word' id='word_1_295' title='bbox 377 3175 425 3236; x_wconf 90' lang='lat' dir='ltr'><strong>alii</strong></span> <span class='ocrx_word' id='word_1_296' title='bbox 448 3177 483 3237; x_wconf 91' lang='lat' dir='ltr'><strong>ab</strong></span> <span class='ocrx_word' id='word_1_297' title='bbox 508 3175 615 3236; x_wconf 89' lang='lat' dir='ltr'><strong>harena</strong></span> <span class='ocrx_word' id='word_1_298' title='bbox 635 3170 790 3253; x_wconf 88' lang='lat' dir='ltr'><strong>terraque,</strong></span> <span class='ocrx_word' id='word_1_299' title='bbox 815 3172 864 3232; x_wconf 90' lang='lat' dir='ltr'><strong>alii</strong></span> <span class='ocrx_word' id='word_1_300' title='bbox 884 3172 933 3232; x_wconf 89' lang='lat' dir='ltr'><strong>tali</strong></span> <span class='ocrx_word' id='word_1_301' title='bbox 951 3190 1042 3250; x_wconf 88' lang='lat' dir='ltr'><strong>aquae</strong></span> <span class='ocrx_word' id='word_1_302' title='bbox 1057 3173 1151 3250; x_wconf 87' lang='lat' dir='ltr'><strong>ipsius</strong></span> <span class='ocrx_word' id='word_1_303' title='bbox 1164 3184 1189 3226; x_wconf 73' lang='lat' dir='ltr'><strong>at</strong></span> 
     </span>
     <span class='ocr_line' id='line_1_37' title="bbox 138 3266 1104 3319; baseline 0.001 -1"><span class='ocrx_word' id='word_1_304' title='bbox 138 3266 248 3319; x_wconf 93' lang='lat' dir='ltr'><strong>natura.</strong></span> <span class='ocrx_word' id='word_1_305' title='bbox 1098 3266 1104 3274; x_wconf 91' lang='lat'><em>&#39;</em></span> 
     </span>
    </p>

    <p class='ocr_par' dir='ltr' id='par_1_4' title="bbox 89 3339 1151 3510">
     <span class='ocr_line' id='line_1_38' title="bbox 89 3339 1151 3419; baseline -0.002 -19"><span class='ocrx_word' id='word_1_306' title='bbox 89 3349 138 3401; x_wconf 90' lang='lat'><strong>108</strong></span> <span class='ocrx_word' id='word_1_307' title='bbox 211 3341 263 3404; x_wconf 76' lang='lat'><strong>24.</strong></span> <span class='ocrx_word' id='word_1_308' title='bbox 286 3343 345 3404; x_wconf 90' lang='lat' dir='ltr'><strong>Sed</strong></span> <span class='ocrx_word' id='word_1_309' title='bbox 367 3345 396 3402; x_wconf 90' lang='lat' dir='ltr'><strong>iu</strong></span> <span class='ocrx_word' id='word_1_310' title='bbox 414 3342 639 3410; x_wconf 87' lang='lat' dir='ltr'><strong>duosdividitur</strong></span> <span class='ocrx_word' id='word_1_311' title='bbox 653 3341 762 3402; x_wconf 85' lang='lat' dir='ltr'><strong>sinuas.</strong></span> <span class='ocrx_word' id='word_1_312' title='bbox 796 3341 886 3419; x_wconf 88' lang='lat' dir='ltr'><strong>isqui</strong></span> <span class='ocrx_word' id='word_1_313' title='bbox 908 3339 945 3401; x_wconf 91' lang='lat' dir='ltr'><strong>ab</strong></span> <span class='ocrx_word' id='word_1_314' title='bbox 962 3341 1077 3399; x_wconf 91' lang='lat' dir='ltr'><strong>oriente</strong></span> <span class='ocrx_word' id='word_1_315' title='bbox 1102 3347 1151 3399; x_wconf 91' lang='lat' dir='ltr'><strong>est</strong></span> 
     </span>
     <span class='ocr_line' id='line_1_39' title="bbox 138 3421 1151 3510; baseline -0.003 -25"><span class='ocrx_word' id='word_1_316' title='bbox 138 3425 275 3486; x_wconf 84' lang='lat' dir='ltr'><strong>Persicus</strong></span> <span class='ocrx_word' id='word_1_317' title='bbox 287 3427 466 3506; x_wconf 84' lang='lat' dir='ltr'><strong>appellatur,</strong></span> <span class='ocrx_word' id='word_1_318' title='bbox 484 3424 574 3510; x_wconf 64' lang='lat' dir='ltr'><strong>iffi!</strong></span> <span class='ocrx_word' id='word_1_319' title='bbox 586 3425 616 3487; x_wconf 83' lang='grc' dir='ltr'><strong>Μ</strong></span> <span class='ocrx_word' id='word_1_320' title='bbox 627 3442 762 3505; x_wconf 89' lang='lat' dir='ltr'><strong>passuum</strong></span> <span class='ocrx_word' id='word_1_321' title='bbox 780 3424 915 3500; x_wconf 90' lang='lat' dir='ltr'><strong>circuitu,</strong></span> <span class='ocrx_word' id='word_1_322' title='bbox 933 3431 964 3483; x_wconf 92' lang='lat' dir='ltr'><strong>ut</strong></span> <span class='ocrx_word' id='word_1_323' title='bbox 974 3421 1151 3501; x_wconf 54' lang='lat' dir='ltr'><strong>Eratostheq</strong></span> 
     </span>
    </p>
   </div>
   <div class='ocr_carea' id='block_1_3' title="bbox 0 0 1204 3856">
    <p class='ocr_par' dir='ltr' id='par_1_5' title="bbox 0 0 1204 3856">
     <span class='ocr_line' id='line_1_40' title="bbox 0 0 1204 3856; baseline 0 3"><span class='ocrx_word' id='word_1_324' title='bbox 0 0 1204 3856; x_wconf 95' lang='lat' dir='ltr'><strong> </strong></span> 
     </span>
    </p>
   </div>
  </div>
 </body>
</html>
