2400 3856
124 154 184 218 106
471 167 502 215 0.
524 167 619 214 rurus
642 165 792 215 sucunor

120 324 264 384 Berenice
285 322 358 383 urbe
375 321 623 398 Trogodytarum,
644 321 719 380 unde
736 320 836 380 stadiis
860 328 995 398 quattuor
1011 318 1127 380 milibus

121 404 280 466 DCCGXX
296 408 324 464 in
346 406 446 466 eadem
467 414 556 482 gente
573 403 754 464 Ptolemaide
770 402 896 482 oppido,
919 403 995 483 quod
1010 405 1040 462 in
1055 421 1128 464 mar·

120 493 190 568 gine
209 489 289 549 rubri
304 491 391 550 maris
412 489 447 549 ad
463 490 571 567 primos
588 488 809 566 elephantorum
826 495 966 546 venatuus
982 486 1129 547 conditum

122 583 183 649 est,
203 574 260 633 hoc
276 573 351 633 idem
366 582 433 633 ante
449 573 606 632 solstitium
624 571 816 650 quadragenis
832 571 926 649 quinis
942 570 1045 631 diebus
1061 574 1128 630 toti-

120 658 243 757 demque
258 666 363 735 postea
378 657 458 732 heri,
475 664 505 716 et
518 674 573 734 per
589 673 642 716 eos
658 652 711 715 XC
726 654 833 714 diesin
847 654 997 714 meridiem
1013 654 1149 720 umbrasa

78 744 203 813 1141101
232 759 333 800 rursus
351 743 380 800 iu
395 738 499 800 Meroe
515 740 624 818 (insula
641 739 716 798 haec
732 747 877 817 caputque
889 739 986 815 gentis
1004 737 1127 799 Aethio·

120 844 186 904 pum
198 826 324 904 quinque
338 823 454 883 milibus
473 823 594 883 stadium
610 841 625 882 a
638 821 758 898 Syene
750 840 779 880 m
791 839 872 881 amne
884 821 952 881 Nilo
964 821 1126 901 habitatur)

119 910 165 970 bis
182 925 256 968 anno
273 909 383 967 absumi
399 907 534 982 umbras,
556 906 621 966 sole
640 905 904 965 duodevicesimam
918 906 992 965 tauri
1014 915 1126 984 partem

120 1002 150 1053 et
158 990 527 1070 quartamdecimamleonis
540 997 608 1049 tunc
620 991 780 1066 optinente.
802 988 835 1048 lu
847 988 946 1049 indiae
955 996 1044 1065 gente
1055 987 1126 1048 Ore·

119 1086 178 1135 tum
191 1092 274 1134 mons
297 1081 344 1134 est
357 1072 469 1133 Maleus
490 1074 605 1133 nomine
624 1075 704 1132 iuxta
726 1090 811 1152 quem
833 1072 949 1132 umbrae
967 1081 1080 1133 aestate
1098 1075 1126 1132 in
1136 1093 1161 1133 10

119 1167 257 1232 austrum,
269 1157 364 1217 hieme
379 1159 409 1217 in
424 1158 657 1234 septentrionem
674 1157 822 1216 iaciuntur.
844 1156 1006 1234 quindecim
1018 1164 1126 1216 tantum

120 1241 254 1301 noctibus
273 1241 314 1300 ibi
328 1248 448 1320 apparet
466 1242 639 1319 septentrio.
656 1241 685 1299 iu
705 1240 805 1300 eadem
816 1239 895 1299 lndia
907 1239 1031 1317 Patalis,
1048 1239 1126 1300 cele·

118 1325 246 1385 berrimo
259 1333 362 1402 portu,
379 1325 425 1384 sol
438 1323 542 1384 dexter
555 1326 663 1400 oritur,
679 1324 796 1384 umbrae
807 1325 837 1382 in
851 1323 1001 1384 meridiem
1012 1323 1126 1384 cadunt.

76 1416 127 1481 181
139 1410 371 1486 septentrionem
387 1409 428 1468 ibi
445 1408 617 1468 Alexandro
632 1416 764 1468 morante
779 1408 943 1467 adnotatum
959 1409 1050 1487 prima
1068 1416 1127 1468 tan·

117 1503 176 1552 tum
193 1500 275 1569 parte
291 1494 385 1551 noctis
403 1491 521 1570 adspici.
546 1490 748 1568 Onesicritus,
764 1491 822 1551 dux
838 1493 912 1568 eius,
930 1492 1050 1569 scripsit
1062 1493 1157 1569 qui-m

116 1577 170 1636 bus
191 1578 220 1634 in
236 1575 309 1635 locis
327 1574 426 1635 indiae
442 1575 561 1635 umbrae
579 1592 638 1635 uon
654 1577 713 1634 sint
735 1575 968 1652 septentrionem
986 1593 1126 1635 10110011-

115 1661 206 1738 spici,
226 1667 256 1718 et
271 1677 306 1718 ea
325 1659 389 1718 loca
406 1659 547 1738 appellari
566 1661 654 1735 ascia,
669 1677 724 1718 nec
741 1658 831 1717 horas
850 1657 1021 1718 dinumerari
1040 1658 1089 1718 ibi.

179 1741 229 1803 14.
253 1740 336 1820 (16.1
365 1741 402 1802 Et
422 1750 484 1802 tota
505 1741 703 1819 Trogodytice
727 1741 840 1801 umbras
869 1743 915 1802 bis
937 1742 1126 1821 quadraginta

114 1830 240 1907 quinque
262 1824 365 1887 diebus
386 1828 415 1886 in
439 1843 513 1886 anuo
535 1825 748 1886 Eratosthenes
769 1826 800 1885 in
821 1828 996 1885 contrarium
1018 1826 1125 1887 cadere

115 1910 249 1990 prodidit.
1129 1930 1156 1971 10

73 2002 122 2054 181
179 1991 229 2055 15.
248 1993 330 2072 (tt.)
354 1994 450 2055 Sistit
467 2004 497 2054 ut
510 1996 592 2055 vario
609 1995 681 2054 lucis
697 1996 878 2054 incremento
893 1997 922 2054 in
939 1992 1043 2055 lleroe
1061 1995 1123 2055 lon-

114 2078 251 2154 gissimus
273 2077 335 2136 dies
357 2077 413 2138 Xll
428 2078 516 2137 horas
538 2079 768 2156 aequinoctiales
784 2087 814 2138 et
836 2088 902 2138 octo
920 2087 1020 2156 partes
1039 2080 1123 2138 unius

113 2160 203 2219 horae
221 2160 357 2236 colligat,
380 2160 578 2222 Alexandriae
595 2180 665 2221 vero
683 2161 766 2221 Xllll
785 2161 889 2239 horas,
914 2163 943 2220 iu
957 2161 1040 2221 ltalia
1055 2161 1122 2240 XV,

113 2245 142 2302 in
156 2243 302 2302 Britannia
319 2243 419 2321 xvir,
442 2245 491 2304 ubi
513 2253 625 2305 aestate
641 2245 754 2305 lucidae
775 2253 878 2305 noctes
899 2245 967 2304 haut
990 2245 1123 2306 dubitare

114 2328 294 2405 permittunt,
311 2327 340 2387 id
348 2328 427 2405 'quod
440 2330 520 2407 cogit
536 2330 611 2389 ratio
622 2329 714 2406 credi,
727 2329 835 2389 solstiti
846 2328 949 2389 diebus
962 2328 1155 2390 accedentem

114 2411 179 2470 sole
200 2413 321 2489 propius
340 2414 481 2472 verticem
501 2413 596 2473 muudi
618 2421 741 2490 angusto
764 2412 836 2472 lucis
859 2412 966 2472 ambitu
989 2412 1122 2473 subiecta

113 2503 211 2556 terrae
234 2498 390 2556 continuos
411 2497 475 2558 dies
495 2497 606 2558 habere
626 2498 706 2558 senis
728 2497 894 2573 mensibus,
917 2505 1080 2574 noctesque
1102 2516 1120 2557 e

71 2587 119 2638 181
132 2578 248 2638 diverso
267 2579 301 2638 ad
320 2581 448 2640 brumam
462 2589 593 2641 remoto
616 2581 694 2658 quod
712 2581 804 2640 heri
796 2599 825 2640 rn
843 2580 938 2640 insula
956 2578 1049 2656 Thyle
1067 2580 1122 2657 Py·

112 2661 194 2721 theas
214 2660 406 2722 Massiliensis
425 2663 527 2723 scribit
543 2682 598 2725 sex
618 2665 728 2741 dierum
747 2664 960 2761 navigatione'
952 2682 981 2723 rn
1002 2671 1122 2742 septen·

111 2745 235 2802 trionem
252 2762 268 2803 a
284 2744 431 2805 Britannia
449 2746 591 2821 distante,
613 2729 725 2824 quidam
743 2764 815 2807 vero
832 2749 886 2808 et
878 2765 907 2806 m
921 2745 1024 2823 Mona,
1046 2761 1155 2825 quaero

111 2826 228 2887 distata
248 2825 443 2888 Gamaloduno
458 2828 623 2890 Britanniae
642 2829 750 2908 oppido
766 2832 884 2890 circiter
901 2825 1033 2891 ducentis
1047 2831 1119 2890 mili·

111 2908 176 2986 bus,
193 2911 349 2972 adfirmant.

128 2992 177 3054 16.
201 2993 286 3074 (18.1
310 2994 480 3058 Umbrarum
504 2998 577 3059 hanc
600 2999 741 3059 rationem
761 3006 791 3058 et
816 3014 899 3076 quam
919 3007 1025 3059 vocant
1047 3016 1118 3075 gno·

109 3078 244 3138 monicen
261 3081 372 3139 invenit
387 3080 582 3142 Anaximenes
598 3081 746 3159 Milesius,
768 3080 976 3156 Anaximandri
987 3082 1043 3161 (de
1060 3100 1117 3160 quo

73 3178 100 3219 cr
110 3160 249 3242 diximus)
274 3162 450 3243 discipulus,
474 3167 641 3244 primusque
662 3166 847 3244 horologium
869 3165 948 3244 quod
968 3165 1151 3244 appellantes

111 3245 310 3307 sciothericon
323 3247 541 3311 Lacedaemone
560 3249 698 3311 ostendit.

68 3330 117 3384 188
174 3326 223 3391 11.
243 3329 327 3410 (19.1
347 3333 444 3412 Ipsum
463 3333 539 3394 diem
555 3333 602 3394 alii
621 3334 706 3395 aliter
722 3335 931 3397 observavere.
962 3332 1116 3411 Babylonii

110 3409 187 3471 inter
202 3413 275 3476 duos
290 3415 363 3478 solis
382 3425 537 3498 exortuns,
559 3417 758 3481 Athenienses
779 3420 857 3480 inter
874 3418 948 3479 duos
963 3434 1117 3489 oceasuus,
