2400 3856
137 181 202 246 236
489 195 519 244 o.
539 195 634 242 amru
651 192 801 245 sacuam

141 363 223 428 atae,
247 349 414 429 Zarangae,
438 348 578 425 Gedrosi,
602 349 707 428 oppida
729 349 881 425 Peucolis,
901 347 1071 428 Lyphorta,
1094 346 1156 410 ole-

140 436 274 512 thorgom
296 436 429 512 deserta,
453 437 544 495 amnis
564 433 691 508 limais,
722 433 826 493 Acutri
850 450 941 510 gens,
968 432 1075 493 [lumen
1096 432 1155 493 Eo·

140 537 218 596 rom,
241 538 314 596 gens
331 518 418 591 Orbi,
443 519 547 578 ilumerr
567 517 731 595 navigabile
752 517 894 577 Pomanus
910 515 1070 576 Pandarum
1093 517 1155 577 fini-

141 603 212 679 hus,
243 606 312 663 item
344 601 466 663 Cabirus
497 603 653 661 Suarorum
684 604 761 662 ostio
791 610 980 680 portuosum,
1019 602 1156 681 oppidum

142 684 375 764 Condigramma,
404 687 509 746 llumen
535 684 662 764 Cophes.
694 685 815 744 induunt
835 687 864 744 in
891 702 956 743 eum
978 685 1183 763 nauigabiliaa

89 778 123 831 95
141 771 302 847 Saddaros,
317 770 476 849 Parospus,
493 769 643 831 Sodamus.
667 769 793 829 Arianae
808 777 918 848 partem
934 787 1002 828 esse
1017 769 1155 829 Darrhin·

141 857 191 914 tim
212 856 300 932 aliqui
319 855 437 929 volant,
459 872 679 932 mensuramque
701 855 827 931 produnt
853 853 1003 930 utriusque
1026 852 1155 931 longitu-

142 939 237 999 dInem
254 941 367 1020 &Why
382 938 403 997 L
419 938 447 998 II
463 957 552 1017 pass,
578 938 756 998 latitudinem
772 936 889 996 dimidio
910 937 1051 997 minorem
1072 954 1156 1015 quam

140 1022 248 1083 Indiae.
284 1022 332 1082 alii
354 1021 502 1083 Gedrusos
524 1030 552 1080 et
576 1013 806 1099 Sires'posuere
828 1038 881 1099 per
898 1018 1079 1080 CXXXVIII
1096 1021 1154 1080 mil.

141 1125 293 1185 passuum,
315 1123 383 1165 mox
405 1104 639 1181 Ichthyophagos
665 1103 760 1164 Oritas
781 1106 917 1184 propria,
941 1122 999 1163 non
1019 1104 1191 1164 Indorum1⁰

141 1191 238 1267 lingua
255 1189 410 1266 loquentes
424 1207 478 1267 per
492 1186 539 1247 GC
554 1189 611 1248 mil.
627 1207 770 1267 passuum.
796 1188 1035 1266 Ichthyophagos
1053 1206 1155 1248 omnes

141 1272 312 1332 Alexander
326 1274 418 1332 vetuit
432 1274 563 1351 piscibus
582 1274 694 1333 uivere.
728 1272 832 1332 deinde
850 1290 976 1351 posuere
996 1270 1156 1332 Arbiorum

141 1365 259 1434 gentem
280 1374 333 1434 per
355 1354 403 1416 CC
418 1356 476 1417 mil.
499 1375 577 1436 pass.
608 1355 682 1416 ultra
703 1356 836 1432 deserta,
861 1356 927 1417 dein
951 1353 1103 1417 Carmania
1122 1374 1156 1417 ac

141 1439 242 1501 Persis
256 1450 343 1518 atque
359 1440 477 1501 Arabia.

90 1532 125 1586 96
204 1522 289 1605 (26.)
321 1525 379 1585 Sed
402 1528 567 1604 priusquam
593 1527 754 1604 generatim
784 1525 857 1585 haec
882 1543 1093 1604 persequamur
1113 1527 1155 1584 in·
1167 1540 1191 1581 15

143 1609 232 1669 dicari
248 1611 386 1670 convenit
402 1628 476 1687 quae
497 1611 595 1688 prodit
611 1609 792 1673 Onesicritus
810 1608 905 1669 alasse
924 1609 1085 1669 Alexandri
1101 1611 1155 1670 cir·

143 1701 310 1753 camveotus
328 1695 357 1752 in
367 1693 579 1754 mediterranea
592 1692 720 1753 Persidis
731 1712 770 1754 ex
781 1693 878 1770 India,
894 1703 1007 1753 narrata
1022 1695 1155 1771 proxime

143 1794 160 1837 a
175 1776 262 1852 Iuba,
279 1777 383 1837 deinde
396 1795 459 1836 eam
470 1780 684 1855 navigationem
695 1796 769 1854 quae
781 1777 825 1837 his
841 1780 922 1837 annis
938 1786 1080 1854 conperta
1094 1795 1155 1838 ser·

143 1869 228 1920 vatur
243 1859 337 1921 hodie.
369 1860 524 1921 Onesicriti
540 1871 570 1921 et
582 1861 707 1920 Nearchi
732 1862 877 1939 navIgatio
894 1879 949 1921 nec
970 1863 1087 1921 nomina
1107 1860 1155 1920 ba·

144 1943 196 2005 bet
213 1947 391 2004 mansionum
407 1964 462 2006 nec
477 1948 586 2024 spatia,
607 1948 785 2024 primumque
804 1943 989 2023 Xylinepolis
1011 1945 1046 2005 ab
1064 1945 1154 2005 Alex·
1166 1962 1191 2002 ao

145 2028 235 2087 andro
251 2028 382 2106 condita,
407 2028 481 2088 unde
497 2038 638 2107 ceperunt
656 2030 824 2105 exordium,
848 2030 927 2088 iuxta
950 2029 1028 2107 quod
1050 2028 1155 2089 flumen

92 2118 126 2171 97
145 2118 194 2170 aut
209 2111 258 2170 ubi
279 2113 367 2170 luerit
386 2130 444 2171 non
467 2114 537 2171 satis
559 2113 739 2191 explanatur.
775 2112 856 2172 llaec
878 2122 972 2173 tamen
995 2113 1082 2190 digna
1096 2131 1154 2173 me-

144 2202 257 2253 moratu
277 2194 454 2272 produntur:
483 2195 572 2255 Arbis
605 2197 740 2274 oppidum
762 2215 778 2256 a
804 2196 937 2257 Nearcho
959 2196 1105 2256 conditum
1126 2199 1155 2270 io

144 2279 330 2355 navigatione
353 2288 383 2337 et
410 2279 514 2339 ilumcn
539 2280 640 2339 Arbim
668 2282 780 2340 navium
804 2299 911 2360 capax,
936 2290 1037 2340 contra
1061 2281 1155 2342 insula

144 2362 253 2422 distans
277 2361 356 2423 LXX
382 2363 486 2439 stadia,
518 2363 694 2423 Alexandria
719 2365 833 2424 condita
860 2383 876 2424 a
900 2364 1051 2424 Leonnato
1076 2367 1191 2424 iussum

144 2446 304 2507 Alexandri
321 2449 349 2505 in
368 2447 471 2507 linibus
487 2451 600 2525 gentis,
625 2449 781 2525 Argenuus
797 2457 884 2527 portu
900 2449 1026 2523 salubri,
1048 2448 1156 2509 llumcn

145 2529 310 2590 Tonberum
329 2531 509 2608 navigabile,
531 2536 608 2592 circa
630 2531 707 2610 quod
728 2532 855 2593 Parirae.
894 2531 998 2593 deinde
1020 2532 1156 2609 Ichthyo-

144 2614 231 2693 phagi
257 2623 313 2674 tarn
335 2614 424 2692 longo
449 2624 542 2676 tractu
566 2624 596 2675 ot
616 2615 699 2675 XXX
714 2616 824 2676 dierum
848 2619 944 2695 spatio
965 2618 1156 2694 praenaviga-

144 2699 257 2772 veriat,
281 2698 374 2756 insula
398 2717 471 2775 quae
498 2699 576 2758 Solis
599 2700 763 2778 appellator
786 2709 816 2760 et
838 2700 939 2760 eadem
960 2698 1155 2778 Nympharum

145 2780 258 2856 cubile,
280 2780 403 2857 rubens,
426 2784 455 2841 iu
471 2800 526 2858 qua
542 2783 648 2841 nullum
667 2801 725 2843 non
743 2784 845 2842 animal
862 2784 1018 2844 absumitur
1032 2786 1156 2844 incertis
1168 2801 1191 2841 ao

93 2871 128 2925 98
144 2865 247 2925 causis.
286 2863 336 2922 Ori
357 2882 449 2940 gens,
470 2864 574 2925 llumen
594 2865 764 2927 Carmaniae
783 2867 920 2942 Hyctanis
938 2862 1111 2947 portuosum
1127 2876 1157 2928 et

144 2967 215 3008 auro
241 2947 350 3008 fertile.
395 2948 430 3008 ab
458 2967 494 3008 eo
521 2951 641 3028 primum
667 2954 886 3030 septentriones
911 2954 1082 3030 apparuIsse
1109 2952 1157 3012 ad·

144 3042 304 3109 notavere,
325 3042 468 3093 arcturum
487 3052 582 3112 neque
604 3036 735 3095 omnibus
756 3037 835 3095 cerni
853 3036 989 3095 noctibus
1013 3054 1068 3096 nec
1086 3038 1155 3097 totis

144 3135 285 3196 umquam.
314 3117 544 3177 Achaemenidas
566 3137 659 3197 usque
680 3118 731 3178 illo
756 3121 895 3179 tenuisse.
923 3121 1008 3179 aeris
1032 3129 1062 3183 ,ct
1084 3121 1155 3180 lerri

144 3200 261 3260 metalla
273 3209 306 3260 et·
315 3201 458 3261 arrhenioi
471 3221 505 3261 ae
517 3204 584 3261 mini
598 3204 742 3264 exerceri.
765 3203 835 3263 lude
848 3204 1074 3281 promunturium
1086 3201 1155 3263 Car·
1168 3219 1192 3259 aa

144 3286 254 3344 maniae
271 3294 331 3364 est,
359 3304 395 3346 ex
420 3304 476 3364 quo
499 3288 527 3344 in
556 3285 705 3345 adversam
731 3306 809 3346 oram
830 3286 865 3346 ad
887 3295 1005 3364 gentem
1027 3288 1156 3347 Arabiae

143 3365 240 3427 iliacas
264 3370 402 3428 traiectus
426 3371 513 3428 distat
539 3369 566 3427 V
586 3369 615 3428 Μ
635 3388 779 3448 passuum.
820 3371 933 3430 insulae
954 3369 1010 3445 Ill,
1037 3389 1158 3449 quarum

144 3448 248 3510 Oracla
266 3460 372 3512 tantum
383 3452 528 3512 habitatur
542 3471 651 3532 aquosa
664 3472 680 3514 a
696 3457 863 3516 continente
875 3453 996 3515 XXVII
1009 3472 1156 3533 passuum.
