2400 3856
279 238 283 243 ,
338 187 417 236 nur.
439 189 529 238 rursu.
552 188 602 238 111²
628 184 713 238 4-5.
738 175 843 258 (5-6.)
1042 169 1103 235 131

51 346 54 357 '
95 341 216 419 gissime
233 340 262 400 in
275 340 426 403 meridiem
447 342 483 402 ab
498 342 616 421 Alpium
632 361 726 422 paene
742 344 847 405 lunatis
871 345 948 422 iugis
969 345 1000 405 in
1014 342 1104 403 maria

96 427 224 485 excurrit
237 424 329 486 ltalia.
351 425 397 485 Ab
409 444 446 486 eo
460 424 601 487 Graeciae
617 445 680 506 ora,
697 445 766 487 mox
777 428 938 504 Sallentini,
945 425 1103 502 Poediculi,

94 509 195 587 Apuli,
209 507 335 586 Peligni,
348 509 496 587 Frentani,
507 509 673 588 Marrucini,
689 510 815 590 Vestini,
826 509 940 590 Sabini,
956 512 1104 586 Picentes,

96 591 180 670 Galli,
205 590 318 671 Umbri,
335 592 433 671 Tusci,
449 592 570 672 Veneti,
588 592 686 671 Carni,
703 593 840 673 Iapudes,
855 592 957 672 Histri,
974 595 1101 656 Liburni.
1140 627 1145 640 x

71 675 158 736 aNec
172 678 278 754 ignoro
294 678 402 755 ingrati
423 697 458 738 ac
480 680 581 756 segnis
596 680 681 739 animi
703 680 862 738 existimari
879 696 969 757 posse
985 679 1145 753 merito,3o

95 762 120 819 si
144 760 242 820 obiter
257 769 345 840 atquc
367 763 397 821 in
419 771 587 823 transcursu
606 763 641 822 ad
661 762 736 823 hunc
755 763 869 822 modum
891 762 1002 822 dicatur
1024 771 1103 821 terra

96 845 220 903 omnium
246 853 387 905 terrarum
413 845 524 906 alumna
546 846 648 907 eadem
673 855 703 906 et
725 864 850 925 parens,
878 847 992 905 numine
1020 844 1104 905 deum

95 927 191 988 electa
207 946 280 1005 quae
296 929 408 988 caelum
422 931 516 1008 ipsum
531 931 636 990 clarius
649 929 772 1007 iaceret,
789 947 890 1009 sparsa
906 935 1104 1007 congregaret

95 1012 217 1090 imperia
234 1013 384 1090 rituusque
400 1014 530 1074 molliret
546 1022 576 1074 ot
593 1022 637 1073 tot
651 1014 826 1092 populorum
840 1012 992 1074 discordes
1010 1016 1103 1073 ieras·

61 1119 86 1159 ιο
96 1114 152 1174 que
167 1095 281 1172 linguas
296 1098 440 1157 sermonis
456 1099 631 1158 commercio
647 1097 835 1158 contraheret
856 1098 891 1158 ad
907 1097 1057 1175 colloquia
1073 1103 1105 1155 et

93 1179 297 1239 humanitatem
306 1177 414 1239 homini
427 1180 519 1258 daret,
529 1181 719 1260 breviterque
732 1199 786 1241 una
798 1190 963 1242 cunctarum
974 1182 1105 1259 gentium

94 1263 123 1321 iu
139 1270 203 1321 toto
227 1262 301 1323 orbe
322 1265 415 1341 patria
439 1264 533 1324 lieret.
578 1264 631 1324 sed
648 1265 715 1343 quid
736 1263 841 1341 agam?
865 1274 942 1325 tanta
962 1265 1146 1326 nobilitasti)

96 1346 219 1404 omniurn
234 1345 365 1405 locorum
383 1347 472 1424 (quos
489 1348 553 1424 quis
570 1344 753 1426 attigerit‘l),
767 1344 845 1407 tanta
865 1366 961 1408 rerum
977 1348 1104 1427 singula·

96 1446 157 1486 rum
172 1428 407 1508 populorumque
419 1428 534 1490 claritas
547 1438 638 1490 tenet.
662 1431 732 1490 urbs
743 1429 835 1490 Roma
848 1432 895 1491 vel
908 1431 971 1491 sola
984 1435 1013 1491 in
1026 1451 1061 1493 ea
1074 1441 1104 1492 et
1158 1474 1161 1479 -

60 1511 181 1588 mdigna
199 1519 255 1572 tam
269 1513 324 1572 iam
338 1514 415 1573 festa
433 1514 551 1574 cervice
565 1514 658 1573 iacies
676 1531 734 1592 quo
755 1514 868 1574 tandem
886 1518 996 1574 narrari
1014 1516 1105 1575 debet

95 1593 209 1674 opere?
235 1596 361 1674 qualiter
378 1594 551 1677 Campaniae
568 1614 619 1657 ora
633 1615 689 1676 per
708 1616 741 1657 se
757 1597 886 1676 ielixque
903 1597 953 1658 illa
970 1616 1003 1659 ac
1018 1600 1105 1659 beata

93 1681 271 1756 amoenitas,
288 1689 319 1740 ut
335 1681 428 1760 palam
449 1683 488 1741 sit
503 1699 559 1742 uno
575 1682 605 1742 in
621 1681 688 1741 loco
710 1681 863 1759 gaudentis
881 1700 955 1760 opus
974 1702 1041 1742 csse
1056 1698 1103 1740 na·

94 1762 198 1824 turaa‘l
228 1766 283 1824 iam
298 1782 370 1825 vero
386 1773 448 1825 tota
464 1784 500 1825 ea
516 1765 613 1826 vitalis
629 1783 663 1826 ac
677 1766 816 1844 perennis
836 1765 1010 1842 salubritas,
1024 1766 1097 1825 caeli
1109 1771 1144 1829 41

94 1849 272 1926 temperies,
289 1858 345 1909 tam
360 1849 476 1909 fertiles
492 1851 595 1928 campi,
613 1857 669 1909 tam
684 1850 774 1927 aprici
790 1848 902 1926 colles,
919 1858 976 1910 tam
992 1850 1102 1909 innoxii

60 1953 85 1994 ao
95 1930 217 2009 saltuus,
234 1941 291 1992 tam
307 1950 397 2011 opaca
411 1950 542 2012 nemora,
555 1942 612 1993 tam
628 1933 759 1992 munifica
772 1932 908 1992 siluarum
919 1951 1040 2011 genera,
1056 1940 1104 1993 tot

94 2017 232 2075 montium
249 2015 386 2093 adflatus,
403 2024 482 2077 tanta
499 2018 612 2095 frugum
630 2019 788 2096 vitiumque
805 2025 836 2076 et
852 2017 982 2078 olearum
998 2017 1103 2077 fertili·

94 2108 154 2176 tas,
174 2108 230 2159 tam
252 2100 361 2160 nobilia
383 2100 487 2179 pecudi
507 2101 636 2178 uellera,
658 2110 714 2162 tam
730 2103 825 2181 opima
840 2104 932 2162 tauris
948 2101 1039 2176 colla,
1056 2107 1101 2160 tot

93 2182 204 2261 lacuus,
216 2192 260 2243 tot
271 2187 392 2245 amnium
403 2186 585 2265 fontiumque
597 2186 716 2247 ubertas
732 2195 822 2246 totam
835 2205 898 2247 uam
911 2185 1102 2265 perfundens,

92 2276 136 2326 tot
159 2269 265 2344 maria,
288 2277 390 2347 portus
411 2271 610 2349 gremiumque
633 2279 775 2330 terrarum
795 2272 970 2331 commercio
996 2277 1101 2346 patens

57 2350 219 2428 mundique
235 2360 265 2413 et
279 2360 421 2431 tamquam
432 2353 574 2413 iuvandos
591 2354 626 2413 ad
636 2352 775 2413 mortales
792 2355 855 2430 ipsa
869 2353 953 2412 avide
969 2354 999 2410 in
1011 2353 1101 2410 maria

93 2450 281 2511 procurrens.
307 2453 404 2513 neque
416 2438 533 2512 ingenia
545 2437 696 2514 rituusque
713 2454 746 2494 ac
758 2437 838 2494 viros
851 2444 881 2495 et
897 2436 993 2511 lingua
1005 2451 1100 2493 manu·
1110 2441 1143 2495 42

93 2535 149 2594 que
166 2527 319 2596 superatas
335 2536 529 2578 commemoro
545 2526 660 2595 gentes.
678 2518 733 2596 ipsi
747 2514 783 2577 de
796 2535 831 2578 ea
842 2517 1008 2578 iudicavere
1023 2515 1101 2594 Grai,

91 2618 183 2678 genus
199 2603 230 2660 in
244 2602 369 2678 gloriam
387 2620 466 2662 suam
485 2601 707 2678 effusissimum,
731 2609 847 2679 quotam
869 2609 981 2679 partem
1003 2619 1041 2660 ex
1066 2618 1101 2661 ea

92 2684 266 2762 appellando
282 2683 432 2747 Graeciam
445 2684 591 2765 magnam!
607 2685 738 2744 nimirum
752 2685 781 2744 id
796 2683 873 2763 quod
888 2685 916 2743 in
932 2684 1006 2744 caeli
1022 2703 1102 2746 men·

55 2776 80 2817 ³0
94 2770 175 2829 tione
197 2770 318 2830 fecimus
339 2770 393 2828 hac
415 2784 531 2846 quoque
552 2769 581 2826 in
602 2774 685 2844 parte
706 2764 867 2825 laciendum
882 2771 944 2839 est,
965 2769 996 2820 ut
1012 2769 1098 2820 notas

95 2853 230 2930 quasdam
247 2863 277 2914 et
293 2870 383 2931 pauca
394 2849 490 2912 sidera
507 2852 689 2926 attingamus.
714 2848 850 2925 legentes
867 2855 974 2905 tantum
988 2860 1098 2921 quaeso

91 2936 274 2995 meminerint
293 2934 328 2995 ad
345 2933 459 3012 singula
483 2941 544 2992 toto
562 2931 635 2993 orbe
652 2928 852 2992 edissertanda
871 2928 1013 2988 festinari.
1046 2925 1142 2986 Esaia

92 3036 166 3095 ergo
187 3019 260 3078 lolio
277 3019 401 3079 maxime
420 3035 532 3096 querno
550 3014 724 3089 adsimilata,
739 3014 829 3074 multo
848 3013 1029 3091 proceritate
1045 3028 1101 3069 am-

91 3103 171 3182 plior
186 3120 270 3181 quam
284 3101 446 3177 latitudine,
461 3104 490 3161 in
505 3100 614 3161 laeuam
630 3117 663 3160 se
676 3098 797 3159 flectens
813 3098 960 3157 cacumine
975 3104 1004 3155 et
1016 3094 1101 3153 Ama·

55 3189 212 3250 canonicae
229 3188 321 3265 ligura
336 3186 473 3248 desinens
490 3202 622 3265 parmae,
638 3183 686 3245 ubi
703 3201 719 3242 a
734 3181 830 3244 medio
847 3198 972 3241 excursu
989 3177 1100 3253 Gocyn·

92 3272 157 3332 thos
173 3281 306 3349 vocatur,
320 3289 376 3350 per
392 3273 490 3332 sinuus
505 3271 620 3330 lunatos
636 3266 692 3327 uuo
710 3285 817 3327 cornua
831 3267 978 3341 emittens,
989 3260 1100 3321 Leuco-

91 3365 204 3434 petram
230 3358 351 3431 dextra,
371 3354 516 3416 Lacinium
536 3353 660 3413 sinistra.
694 3351 778 3411 Patet
801 3346 981 3426 longitudine
1004 3345 1038 3405 ab
1055 3344 1100 3403 lu·

94 3440 193 3519 alpino
211 3442 267 3501 fine
283 3439 453 3500 Praetoriae
466 3439 615 3515 Augustae
630 3455 686 3515 per
700 3435 800 3495 urbem
816 3430 1000 3510 Capuamque
1016 3447 1102 3490 cursu

851 3514 896 3578 ,a
