2400 3856
126 158 166 221 68
495 163 524 210 o.
540 161 637 208 ruruu
653 157 802 207 saeuum

126 325 247 385 totidem
259 322 332 382 deos
345 320 451 380 faoiaut
465 316 592 378 Iunones
609 314 775 394 Geniosque
791 313 956 392 adoptando
975 311 1041 388 sibi,
1058 330 1130 390 gen·

126 417 172 468 tes
188 423 260 466 vero
277 404 419 485 quaedam
440 401 572 462 animalia
588 408 617 459 et
640 399 734 478 aliqua
759 400 843 459 etiam
862 397 992 456 obscena
1013 413 1067 475 pro
1087 397 1131 457 dis

128 491 254 552 habeant
277 508 312 550 ao
333 487 421 548 multa
447 487 523 548 dietu
543 485 636 561 magis
659 483 809 562 pudenda,
833 499 888 560 per
903 481 1009 541 fetidas
1027 499 1129 559 cepas,

87 576 183 640 ltalia
201 583 230 635 et
246 573 348 633 similia
365 573 503 631 iurantes.
530 567 708 629 Matrimonia
731 567 846 646 quidem
867 567 942 625 inter
959 565 1033 625 deos
1049 564 1131 625 oredi

128 668 266 737 tantoque
282 673 357 717 aevo
376 673 414 715 ex
428 655 472 715 his
488 654 631 713 neminem
645 653 743 728 nasei,
767 659 796 712 et
813 650 887 710 alios
903 668 971 709 esse
987 649 1131 727 grandae-

128 760 182 802 uos
198 759 316 820 semper
332 756 492 818 uanosque,
509 737 583 798 alios
600 738 722 796 iuvenes
737 745 824 815 atque
840 751 960 813 pueros,
979 735 1032 794 atri
1049 734 1131 795 eolo·

128 830 179 902 ris,
196 825 344 902 aligeros,
361 823 492 897 claudos,
510 837 567 880 ovo
584 820 679 880 editos
709 828 738 881 et
754 819 872 881 alternis
881 817 986 878 diebus
997 819 1135 880 viventes

128 911 352 984 morientesque,
368 905 520 984 puerilium
532 921 626 983 prope
640 903 894 964 deliramentorum
906 911 960 961 est.
977 902 1030 961 sed
1042 918 1133 981 super

131 1011 244 1054 omnem
260 989 454 1069 inpudentiam
469 989 610 1048 adulteria
625 989 700 1048 inter
715 989 797 1068 ipsos
812 987 892 1064 fingi,
910 1003 979 1045 mox
994 987 1087 1062 iurgia
1104 993 1134 1044 et

90 1079 215 1150 modia,
244 1083 331 1152 atque
349 1073 434 1132 etiarn
452 1072 591 1131 furtorum
608 1089 675 1132 esse
692 1081 720 1132 et
737 1072 881 1132 scelerum
897 1071 1020 1129 numina.
1051 1068 1133 1129 Deus

131 1168 175 1220 est
190 1156 305 1218 mortali
326 1157 425 1216 iuvare
448 1156 616 1232 mortalem,
643 1165 673 1215 et
693 1156 768 1216 lrueo
788 1155 824 1219 ad
845 1163 993 1215 aeternam
1008 1152 1133 1231 gloriam

129 1245 185 1302 uia.
204 1241 260 1301 baa
276 1256 420 1318 proceres
433 1241 495 1299 iere
513 1239 645 1315 Romani,
663 1239 718 1301 lrue
736 1257 810 1299 nune
827 1237 948 1299 caelesti
963 1255 1053 1317 passu
1070 1255 1134 1297 oum

129 1326 232 1387 liberis
257 1325 319 1384 suis
340 1324 419 1384 vadit
448 1323 587 1384 maximus
613 1326 705 1383 omnis
726 1324 791 1384 aeri
814 1332 913 1383 rector
933 1322 1134 1400 Vespasianus

89 1421 123 1476 19
131 1410 278 1487 Augustus
301 1408 388 1468 fessis
410 1407 500 1469 rebus
515 1407 700 1468 subveniens.
730 1406 785 1468 llio
800 1415 846 1466 ost
859 1406 1072 1466 vetustissimus
1087 1423 1135 1464 re·

130 1492 244 1554 ferendi
261 1491 338 1552 bene
354 1491 532 1553 merentibus
546 1493 667 1569 gratiam
684 1508 758 1566 mos,
781 1498 811 1550 ut
821 1489 896 1550 tales
907 1489 1068 1550 numinibus
1084 1488 1135 1549 ad-

104 1577 270 1637 ascribant.
303 1577 411 1655 quippe
436 1585 465 1635 et
487 1576 608 1637 aliorum
631 1576 745 1635 nomina
763 1575 883 1636 deorum
902 1582 932 1633 et
956 1591 1031 1654 quae
1047 1590 1136 1652 supra

132 1660 217 1720 retuli
233 1660 360 1719 siderum
376 1677 414 1719 ex
429 1660 572 1720 bominum
588 1667 654 1719 nata
670 1667 734 1719 sunt
750 1658 868 1718 meritis.
904 1656 1003 1718 lovem
1018 1657 1136 1736 quidem

132 1754 179 1804 aut
200 1741 373 1803 blerourium
397 1743 519 1803 aliterve
541 1743 616 1804 alios
639 1744 714 1802 iuter
735 1760 767 1802 se
788 1743 889 1802 vocari
907 1750 936 1800 et
951 1759 1019 1801 esse
1036 1740 1135 1800 eaele·

90 1837 205 1895 nostem
228 1826 474 1888 nomenclaturam
516 1829 581 1906 quis
618 1843 676 1886 non
696 1826 934 1904 interpretatione
950 1834 1070 1885 naturae
1093 1823 1135 1883 ia·

132 1908 225 1970 tealur
237 1909 532 1986 rurruenduntagere
550 1928 646 1970 euram
657 1928 753 1970 rerum
768 1908 953 1969 humanarum
969 1908 1040 1969 illud
1053 1906 1135 1987 quid·

134 1993 201 2072 quid
219 2002 264 2052 est
279 1991 438 2053 summum?
454 2011 528 2052 anua
544 2003 602 2052 tam
617 1994 690 2053 tristi
707 2004 793 2072 atque
809 1992 959 2071 multiplici
974 1992 1135 2052 ministerio

132 2092 189 2134 non
201 2075 294 2153 pollui
313 2073 487 2137 credamus?
510 2075 730 2137 dubitemusne?
754 2076 810 2137 Vix
822 2094 916 2156 prope
936 2076 1135 2151 estiudioare,

133 2167 226 2217 utrum
248 2160 341 2234 magis
365 2160 508 2219 conducat
526 2161 629 2236 generi
648 2160 788 2237 humano,
818 2160 932 2240 quaudo
954 2159 1019 2220 aliis
1039 2157 1137 2219 nullus

90 2262 124 2314 21
136 2251 180 2300 est
201 2241 321 2302 deorum
343 2252 498 2321 respeotus
523 2243 588 2303 aliis
612 2244 773 2323 pudendus.
807 2243 944 2304 Extemis
965 2242 1137 2303 famulantur

134 2327 237 2402 saeris,
254 2345 289 2387 ae
305 2326 404 2403 digitis
420 2326 494 2386 deos
509 2336 635 2405 gestant,
652 2337 779 2388 monstra
794 2345 911 2407 quoque
930 2327 1038 2402 uolunt,
1056 2327 1144 2387 dam-¹

132 2418 200 2469 nant
224 2418 253 2469 et
275 2411 444 2488 excogitant
467 2411 567 2487 eibos,
589 2413 710 2491 imperia
734 2411 796 2471 dira
817 2413 845 2470 in
866 2413 949 2490 ipsos
971 2428 1008 2470 ne
1032 2425 1135 2469 somno

133 2493 249 2571 quidem
261 2496 359 2572 quieto
370 2495 512 2571 inrogant.
525 2512 583 2555 non
590 2496 777 2571 matrimonia,
789 2513 847 2556 uon
855 2494 976 2570 liberos,
985 2512 1044 2554 non
1055 2493 1136 2554 deni·

134 2594 190 2654 que
204 2578 357 2655 quiequam
373 2578 451 2639 aliud
466 2580 520 2637 nisi
537 2579 698 2639 iuvantibus
714 2579 806 2640 saeris
821 2579 960 2656 deligunt.
981 2579 1068 2638 uliiin
1079 2574 1136 2637 Ga-

90 2700 93 2715 ι
132 2658 236 2733 pitolio
250 2658 351 2719 fallunt
367 2678 402 2720 ao
414 2661 608 2721 fulminantem
640 2664 772 2743 peierunt
790 2661 905 2738 lovem,
925 2671 954 2722 et
966 2662 1021 2722 lros
1038 2662 1136 2721 iuvant

90 2738 260 2815 tusoelera
278 2741 345 2801 illos
361 2761 444 2803 saera
460 2762 511 2804 sua
528 2746 631 2822 poeuis
648 2754 744 2822 agunt.
766 2744 878 2806 Invenit
888 2755 984 2806 tamen
996 2747 1073 2805 inter
1082 2744 1137 2805 bas

133 2831 271 2900 utrasque
289 2827 448 2886 sententias
465 2826 589 2887 medium
604 2828 659 2886 sibi
674 2829 737 2907 ipsa
752 2829 911 2890 mortalitas
933 2847 1054 2906 numen,
1077 2844 1136 2908 quo

133 2907 225 2966 minus
237 2907 322 2967 etium
334 2909 420 2987 plana
432 2909 468 2969 de
481 2910 537 2970 deo
551 2913 724 2972 eouieotatio
737 2922 825 2972 esset.
839 2922 900 2972 toto
909 2915 1018 2992 quippe
1029 2911 1136 2972 mundo

48 3012 52 3017 ·
134 2999 163 3049 et
185 2989 316 3051 omnibus
334 2991 408 3051 loeis
431 2993 620 3074 omnibusque
637 2995 717 3056 horis
733 2997 855 3056 omnium
871 2996 996 3057 vooibus
1010 2995 1137 3056 Fortuna

133 3073 196 3134 sola
208 3075 358 3135 invocatur
369 3093 404 3136 ae
415 3077 585 3155 nominatur,
597 3096 652 3138 una
661 3087 823 3156 aoousatur,
836 3098 890 3140 una
902 3081 997 3157 agitur
1004 3099 1068 3156 rea,
1080 3095 1136 3138 una

134 3158 287 3234 cogitatur,
299 3159 362 3219 sola
374 3159 514 3236 landatur,
528 3161 591 3222 sola
603 3162 738 3238 arguitur.
752 3172 781 3222 et
793 3182 856 3223 uum
868 3162 1008 3224 souvieiis
1016 3164 1133 3236 colitur,

133 3240 281 3317 volubilis,
298 3261 314 3302 a
330 3242 479 3323 plerisque
495 3261 568 3305 vero
584 3253 614 3305 et
629 3264 718 3306 eaeea
741 3247 914 3322 existimata,
930 3265 1018 3325 vaga,
1036 3250 1134 3307 inenu-

135 3333 223 3400 stuns,
239 3326 367 3401 ineerta,
383 3328 480 3402 varia,
496 3327 735 3409 indignorumque
750 3330 863 3391 fautrix.
890 3330 957 3391 huie
973 3332 1068 3392 omnia
1084 3348 1135 3390 ex-

134 3423 243 3484 pensa,
262 3407 328 3470 huie
343 3411 436 3473 omnia
452 3410 582 3471 feruntur
597 3421 736 3492 accepta,
760 3422 789 3473 et
812 3415 840 3472 in
854 3422 914 3474 tota
930 3415 1044 3476 ratione
1059 3431 1136 3476 mor·
