2400 3856
124 144 143 203 4
477 153 507 200 c.
532 153 628 199 emur
651 152 781 201 spuunt

123 319 202 384 sunt,
222 308 431 386 agricolarum,
448 306 583 384 opiticum
598 307 717 381 turbae,
736 309 862 389 denique
882 311 1041 369 studiorum
1057 309 1132 368 otic-

123 396 172 453 sis.
204 393 272 472 quid
293 402 323 451 te
344 392 469 450 iudicem
485 389 579 450 iacis?
616 410 679 451 cum
693 391 769 450 hanc
793 410 913 471 operam
932 394 1130 468 condicercm,

122 494 180 535 non
196 495 263 536 eras
279 477 307 534 in
324 475 380 535 hoc
397 475 475 535 albo.
499 476 638 535 maiorem
654 484 683 534 te
700 475 830 536 sciebam
858 495 942 556 quam
960 487 988 536 ut
1005 477 1131 536 descen·
1190 522 1195 531 ,

95 563 219 620 'Isurum
242 559 298 619 huc
322 562 462 638 putarem.
490 568 646 637 praeterea
671 569 716 617 est
738 560 879 638 quaedam
911 560 1028 639 publica
1047 562 1134 619 etiam

124 645 301 705 eruditorum
322 645 456 702 reiectio.
485 644 572 703 utitur
596 644 645 702 illa
670 652 698 701 et
715 642 752 702 tt.
772 643 883 703 Tullius
911 654 994 703 extra
1018 660 1158 704 omnems

123 730 221 806 ingeni
237 728 332 787 aleam
347 729 478 806 positus,
496 737 525 785 et
541 727 636 806 (quod
650 728 802 806 miremur)
822 746 875 805 per
891 728 1064 787 advocatum
1081 728 1132 786 de·

122 813 264 872 tenditur:
296 830 363 870 nec
384 811 627 869 doctissimis.
669 808 823 869 lilanium
845 811 1016 870 Persium
1039 810 1132 870 haec

123 895 381 973 legerenclo,
406 894 542 953 lunium
559 891 834 970 (longumrclo.
868 895 946 973 quod
962 897 985 953 si
1002 894 1059 953 hoc
1077 894 1131 953 hu-

124 981 217 1053 cilius,
234 979 282 1057 qui
299 979 406 1055 primus
423 977 551 1037 condidit
567 978 624 1036 stili
640 996 750 1052 nasum,
769 979 921 1039 dicendum
937 979 992 1037 sibi
1009 980 1130 1056 putavit,

127 1063 232 1124 Gicero
266 1061 463 1130 mutuandum,
508 1063 682 1138 praesertim
699 1080 762 1120 cum
779 1062 815 1121 de
834 1063 999 1140 republica
1017 1061 1130 1121 scribe·
1143 1074 1168 1117 n

97 1153 180 1219 8ret,
198 1153 304 1222 quanto
323 1160 376 1201 nos
394 1145 538 1203 causatius
555 1144 590 1204 ab
607 1146 705 1223 aliquo
722 1146 817 1204 iudice
836 1143 1040 1224 defendimus?
1074 1145 1135 1204 Sed

124 1230 199 1288 haec
218 1244 275 1304 ego
291 1226 359 1285 mihi
375 1245 450 1286 nunc
465 1230 627 1305 patrocinia
644 1230 738 1288 ademi
754 1232 979 1306 nuncupatione,
997 1231 1136 1308 quoniam

124 1313 281 1391 plurimum
298 1311 390 1369 refert
425 1313 561 1372 sortiatur
573 1313 678 1392 aliquis
691 1312 868 1375 iudiceman
884 1314 984 1390 eligat,
1002 1312 1133 1371 multum·

127 1414 183 1474 que
202 1404 359 1474 apparatus
381 1395 502 1454 interest
524 1396 600 1474 apud
623 1397 770 1454 invitatum
785 1396 930 1473 hospitem
948 1406 976 1455 et
992 1397 1132 1456 oblatum.

97 1477 197 1538 ilCum
222 1480 297 1556 apud
315 1476 470 1553 Catonem,
491 1480 570 1538 illum
582 1479 722 1539 ambituus
743 1480 856 1539 hostem
873 1490 901 1539 et
919 1480 1046 1557 repulsis
1062 1489 1132 1539 tam·
1144 1484 1168 1527 ¹⁶

125 1582 210 1642 quam
236 1562 395 1621 honoribus
420 1565 554 1639 inemptis
577 1564 767 1639 gaudentem,
796 1563 984 1640 flagrantibus
1009 1563 1134 1623 comitiis

124 1647 264 1725 pecunias
283 1647 466 1723 deponerent
485 1646 645 1720 candidati,
665 1646 721 1705 hcc
738 1665 770 1705 se
787 1647 888 1706 facere
907 1648 985 1727 quod
1002 1657 1061 1706 tum
1079 1663 1133 1725 pro

125 1732 290 1789 innocentia
306 1729 396 1788 rebus
411 1731 541 1789 humanis
558 1748 694 1789 summum
712 1739 791 1789 esset
808 1732 1028 1808 profitebantur.
1061 1730 1133 1791 lude

101 1814 175 1884 ,illa
202 1814 309 1873 nobilis
331 1812 368 1871 lll.
395 1810 548 1872 Ciceronis
574 1815 745 1891 suspiratio:
780 1812 803 1872 0
829 1824 863 1874 te
891 1815 1063 1889 felicem,
1093 1813 1131 1873 Μ.

126 1898 255 1971 Porci,
282 1915 297 1956 a
324 1914 393 1975 quo
416 1916 488 1955 rem
511 1897 704 1974 inprobam
726 1907 859 1974 petere
883 1915 987 1957 nemo
1004 1897 1168 1958 audet!²⁰

85 1980 198 2040 lOCum
214 1981 344 2040 tribunos
361 1980 527 2057 appellaret
541 1980 571 2038 h.
590 1983 690 2057 Scipio
708 1980 870 2057 Asiaticus,
887 1984 962 2042 inter
979 2000 1055 2061 quos
1072 1992 1136 2041 erat

128 2063 293 2137 Gracchus,
323 2064 381 2121 hcc
399 2063 600 2122 adtestabatur
625 2065 674 2122 vel
702 2065 816 2124 inimico
844 2066 930 2126 iudici
959 2085 992 2125 se
1013 2066 1135 2144 probari

127 2165 226 2225 posse.
261 2148 336 2205 adeo
363 2164 500 2205 summum
527 2148 649 2225 quisque
680 2166 786 2207 causae
815 2168 884 2209 suae
912 2150 1035 2208 iudicem
1063 2149 1135 2208 facit

88 2243 118 2295 ll
127 2249 349 2309 quemcumque,
364 2248 427 2288 cum
438 2229 530 2306 eligit,
544 2231 619 2290 unde
631 2234 804 2308 provocatio
817 2230 1056 2313 appellatuml'l'e
1071 2234 1133 2311 qui·

128 2316 194 2374 dem
209 2315 237 2373 in
254 2314 456 2373 excelsissimo
472 2315 591 2390 generis
607 2315 720 2374 humani
736 2316 852 2392 fastigio
870 2319 1004 2393 positum,
1023 2327 1167 2375 summast

76 2474 79 2481 ,
128 2399 306 2477 eloquentia,
324 2416 430 2457 summa
445 2398 606 2457 eruditione
619 2400 789 2477 praeditum,
806 2401 947 2476 religiose
960 2401 1032 2461 adiri
1045 2401 1132 2460 etiam

128 2502 144 2542 a
162 2483 351 2543 salutantibus
368 2484 447 2556 scio,
471 2491 500 2540 et
516 2481 779 2564 idec[subit]cura,
797 2491 825 2541 ut
841 2502 916 2562 quae
932 2484 982 2542 tibi
999 2484 1132 2543 dicantur

126 2576 156 2625 te
174 2567 258 2641 digna
276 2568 339 2624 sint.
370 2565 478 2624 Verum
504 2567 547 2625 dis
565 2567 640 2625 lacte
658 2568 758 2624 rustici
773 2566 938 2645 multaeque
954 2576 1077 2644 gentes,
1102 2576 1131 2626 et

128 2648 205 2707 mola
220 2658 327 2707 tantum
339 2649 416 2707 salsa
429 2648 509 2706 litant
520 2651 568 2727 qui
584 2667 640 2708 non
651 2649 758 2707 habent
769 2659 841 2725 tura,
858 2669 913 2709 nec
929 2651 979 2710 ulli
996 2652 1048 2709 luit
1059 2652 1130 2710 vitio

88 2739 120 2790 lt
130 2733 203 2791 deos
221 2732 323 2790 colere
345 2747 462 2808 quoquo
486 2732 571 2790 modo
596 2741 706 2809 posset,
740 2732 823 2791 Meae
842 2735 957 2812 quidem
974 2734 1165 2794 temeritatis

130 2816 256 2874 accessit
272 2815 329 2872 hoc
346 2830 479 2890 quoque,
496 2815 574 2891 quod
593 2815 712 2873 levioris
731 2833 840 2893 operae
859 2817 913 2876 hos
929 2818 980 2876 tibi
997 2818 1131 2877 dedicavi

129 2897 258 2958 libellos.
286 2914 351 2955 nam
372 2914 427 2954 nec
447 2897 544 2972 ingeni
562 2907 626 2956 sunt
642 2916 783 2975 capaces,
808 2901 885 2979 quod
902 2901 1030 2978 alioquin
1045 2901 1131 2960 nobis

127 3001 265 3062 perquam
282 2982 431 3039 mediocre
451 2990 530 3055 erat,
554 2999 648 3056 neque
664 2985 813 3038 admittunt
829 3002 988 3041 excessuus
1004 2994 1053 3043 aut
1072 3003 1135 3045 ora·

128 3071 224 3127 tiones
247 3083 437 3126 sermonesve
454 3073 501 3121 aut
515 3083 619 3122 casuus
635 3065 781 3123 mirabiles
798 3066 843 3125 vel
860 3076 1001 3125 eventuus
1024 3071 1136 3147 varios,

78 3144 110 3197 ¹3
128 3151 248 3211 iucunda
265 3149 342 3208 dictu
362 3156 410 3206 aut
432 3147 598 3223 legentibus
616 3147 736 3223 blanda,
759 3150 850 3208 sterili
869 3152 998 3209 materia.
1027 3152 1171 3212 Rerumat

129 3245 240 3309 natura,
252 3234 309 3293 hoc
323 3242 367 3291 cst
379 3234 448 3304 vita,
462 3241 602 3305 narratur,
616 3241 646 3290 et
658 3232 729 3291 haec
741 3232 938 3292 sordidissima
952 3236 994 3291 sui
1011 3246 1093 3312 parte
1106 3245 1136 3295 ut

128 3318 312 3395 plurimarum
330 3334 424 3387 rerum
442 3325 490 3373 aut
512 3317 627 3373 rusticis
645 3315 793 3374 vocubulis
809 3326 856 3374 aut
880 3320 1029 3393 externis,
1051 3322 1135 3379 immo

79 3411 113 3463 14
128 3401 272 3477 barbaris,
291 3402 377 3460 etiam
395 3418 457 3458 cum
472 3399 591 3458 honoris
605 3399 786 3477 praefatione
798 3402 951 3477 ponendis.
977 3402 1137 3465 Praeterea
