2400 3856
370 178 449 227 nar.
471 178 559 229 msc.
583 180 647 227 nn.
671 174 713 226 12.
738 167 876 249 (aa-ac.)
1071 166 1130 231 171

121 352 218 409 suum,
243 333 388 393 Sciathum
405 332 461 392 XV
481 332 526 411 H,
548 331 672 395 Imbrum
694 353 756 395 cum
781 337 889 415 oppido
910 334 1088 397 LXXXVIII
1102 335 1132 396 M

120 434 265 494 passuum.
290 418 390 477 eadem
409 417 493 477 ahest
510 416 678 478 aHastusia
697 415 873 479 Cherronesi
893 418 977 479 XXV
995 419 1024 479 Μ
1041 439 1130 499 pass,

120 501 184 577 Ipsa
197 502 318 560 clrcuitu
334 499 413 559 LXII
426 500 492 559 HD
510 519 646 579 passuum
664 503 845 578 pertunditur
860 522 942 563 amne
954 503 1051 565 Ilisso.
1084 505 1130 564 Ab
1149 513 1182 564 73

121 602 155 644 ea
176 583 301 644 Lemnos
322 584 405 644 XXII
428 582 473 659 Μ,
502 603 575 661 quae
601 584 636 644 ab
655 584 734 645 Atho
756 585 918 649 LXXXVII
941 585 1130 665 Hpassunm.

89 681 102 721 s
121 670 242 728 circuitu
259 676 339 745 patet
358 665 439 728 CXII
455 666 484 727 Μ
500 667 526 726 D
547 685 635 745 pass,
651 670 757 747 oppida
772 668 859 730 hahet
877 668 1086 748 Hephaestiam
1101 680 1132 731 et

120 750 259 827 Myrinam
282 753 312 810 in
329 753 410 811 cuius
433 751 527 811 forum
550 752 677 811 solstitio
699 752 795 812 Athos
814 754 972 813 eiaculatur
993 754 1129 813 umbram.

120 835 155 895 ab
174 854 209 894 ea
227 835 338 894 Thasos
361 834 455 896 libera
470 834 511 895 VI
528 833 557 894 Μ
573 853 724 915 passuum,
750 836 817 895 olim
833 837 923 896 Aeria
944 836 992 897 vel
1007 836 1132 897 Aethria

120 918 204 978 dicta.
228 921 295 979 inde
311 918 430 979 Abdera
444 920 620 979 continentIs
637 917 720 979 XXII
736 918 765 978 Μ
781 938 928 998 passuum,
943 919 1037 980 Athos
1052 919 1132 980 LXII

120 1001 184 1060 HD
201 1001 366 1062 tantundem
380 1002 474 1063 insula
489 1002 678 1063 Samothrace
690 1003 783 1064 libera
799 1013 865 1064 ante
877 1003 1014 1078 Hebrum,
1031 1005 1066 1064 ah
1078 1004 1131 1063 Im·

81 1087 174 1144 1ohro
192 1084 304 1145 XXXII
321 1084 361 1160 Μ,
378 1104 394 1144 a
409 1085 516 1147 Lemn'o
532 1085 615 1146 XXII
626 1085 656 1146 Μ
670 1085 706 1164 D,
722 1106 738 1147 a
754 1087 896 1148 Threciae
911 1106 962 1148 ora
976 1086 1131 1148 XXXVIII

118 1168 158 1244 Μ,
174 1171 309 1230 circuitus
326 1168 440 1231 XXXII
456 1168 494 1228 Μ.
528 1171 670 1230 attollitur
684 1180 783 1232 monte
800 1171 894 1233 Saoce
909 1172 937 1232 X
951 1171 980 1232 Μ
995 1190 1131 1251 passuum

118 1253 293 1329 altitudinis,
320 1253 367 1313 vel
390 1255 645 1331 iuportuosissima
672 1258 805 1315 omnium.
847 1255 1036 1316 Callimachus
1068 1274 1131 1315 eam

119 1339 237 1413 antiquo
255 1339 371 1395 nomine
385 1335 557 1396 Dardaniam
574 1345 669 1397 vocat.
703 1338 783 1399 Inter
798 1338 1015 1400 Cherronesum
1034 1348 1064 1400 et
1081 1339 1131 1400 Sa·
1148 1349 1183 1400 74

120 1419 306 1494 mothracen,
328 1421 472 1496 utrimque
494 1420 560 1481 iere
574 1419 631 1479 XV
645 1422 674 1482 Μ
690 1420 871 1496 Halonesos,
892 1423 966 1482 ultra
985 1420 1130 1500 Gethone,

80 1520 105 1560 15
120 1501 291 1581 Lamponia,
315 1502 561 1580 Alopeconnesus
584 1503 651 1563 haut
673 1504 776 1583 procul
798 1523 813 1563 a
838 1502 931 1564 Coelo
951 1503 1130 1567 Cherronesi

119 1595 226 1664 portu,
245 1595 275 1647 et
293 1587 433 1664 quaedam
448 1587 605 1662 Ignobiles.
634 1587 770 1648 Desertis
792 1606 908 1667 quoque
925 1587 1081 1648 reddantur
1101 1591 1132 1648 in

118 1669 175 1730 hoc
191 1673 254 1730 sion
277 1688 396 1749 quarum
411 1671 498 1730 modo
521 1673 645 1731 inveniti
663 1680 788 1748 potuere
808 1674 937 1731 nomina:
958 1671 1130 1750 Avesticos,

118 1753 245 1831 Sarnos,
269 1752 425 1831 Cyssiros,
448 1752 628 1831 Charbrusa,
655 1751 824 1830 Calathusa,
848 1755 974 1833 Scyllia,
994 1754 1131 1833 Dialeon,

119 1837 249 1914 Dictaea,
269 1836 437 1915 Melanthia,
452 1836 615 1914 Dracanon,
631 1838 818 1916 Arconesus,
833 1838 991 1916 DIethusa,
1007 1839 1131 1918 Scapos,

79 1941 105 1982 sn
121 1919 278 1999 Capheris,
295 1921 424 1999 Mesate,
441 1922 605 2001 Aeantion,
622 1921 852 2000 Pateronnesos,
867 1923 999 2000 Pateria,
1018 1921 1131 2001 Calate,

118 2004 281 2082 NerIphus,
298 2004 454 2066 Pelendos.

181 2085 264 2168 (24.)
288 2087 413 2160 Quartus
436 2109 454 2152 e
475 2093 585 2168 magnis
611 2092 748 2170 Europae
773 2093 852 2151 sinus
876 2091 911 2151 ab
936 2091 1132 2170 Hellesponto
1147 2100 1181 2152 ts

118 2174 260 2250 incipIens
282 2169 406 2234 Maeotis
429 2177 506 2234 ostio
527 2176 632 2236 finitur.
668 2175 720 2235 sed
744 2177 833 2235 totius
850 2174 935 2235 Ponti
957 2178 1049 2237 forma
1064 2177 1130 2237 hre-

117 2258 194 2315 vlter
210 2258 422 2335 conplectenda
439 2267 502 2335 est,
519 2267 550 2318 ut
569 2259 681 2328 facilius
698 2267 797 2338 partes
812 2268 978 2319 noscantur.
1008 2258 1130 2319 Vastum

79 2356 197 2398 rumare
220 2342 390 2419 praeiacens
412 2341 503 2401 Asiae
527 2351 558 2400 et
579 2342 614 2401 ab
637 2341 754 2419 Europa
779 2352 919 2419 porrecto
951 2341 1130 2402 Cherronesi

118 2423 206 2482 litore
228 2422 380 2501 expulsum
400 2432 523 2500 angusto
546 2432 642 2482 meatu
664 2425 802 2501 Inrumpit
818 2427 848 2484 in
865 2435 977 2501 terras,
1001 2424 1057 2485 VH
1072 2434 1129 2486 sta·

118 2505 246 2582 diorum,
267 2514 301 2563 ut
316 2505 422 2565 dictum
444 2514 506 2580 est,
531 2505 685 2565 intervallo
709 2505 856 2585 Europam
876 2510 1012 2569 auferens
1026 2508 1128 2569 Asiae.
1141 2522 1166 2563 n

117 2591 224 2667 primas
245 2590 393 2666 angustias
414 2589 636 2668 Hellespontum
658 2598 771 2649 vocant.
807 2590 860 2651 hac
885 2590 1002 2652 Xerxes
1027 2591 1130 2652 Persa-

117 2691 178 2732 rum
200 2692 254 2733 rex
274 2681 423 2733 constrato
441 2674 470 2733 in
492 2673 614 2733 navibus
631 2682 721 2748 ponte
736 2673 818 2734 duxit
833 2677 1003 2736 exercitum.
1035 2677 1129 2753 porri·

78 2775 103 2817 sc
116 2759 194 2834 gitur
208 2757 312 2817 deinde
329 2758 424 2817 tenuis
441 2758 558 2835 eurIpus
576 2755 727 2818 LXXXVI
741 2756 770 2817 Μ
786 2776 864 2837 pass.
881 2761 975 2838 spatio
998 2758 1033 2819 ad
1050 2758 1129 2820 Pria·

116 2859 183 2920 pum
201 2842 301 2902 urbem
316 2841 423 2917 Asiae,
446 2858 501 2919 qua
517 2839 637 2918 Magnus
651 2840 819 2903 Alexander
837 2843 1024 2904 transcendit.
1060 2842 1127 2903 inde
1142 2851 1178 2905 76

116 2928 296 3003 exspatiatur
310 2943 420 3003 aequor
438 2942 597 3002 rursusque
612 2927 641 2984 ln
657 2934 749 2985 artum
766 2928 836 2987 coit.
853 2926 958 2986 laxitas
969 2927 1128 3002 Propontis

116 3008 296 3085 appellatur,
317 3010 469 3086 angustiae
492 3007 631 3069 Thracius
654 3008 823 3088 Bosporus,
846 3009 997 3070 latitudine
1018 3007 1044 3067 D
1064 3026 1129 3086 pas·

117 3110 215 3167 suum,
240 3109 295 3170 qua
310 3091 415 3153 DarIus
432 3101 516 3170 pater
528 3091 637 3152 Xerxis
661 3095 761 3171 copias
779 3101 871 3171 ponte
892 3093 1028 3154 travexit.
1067 3100 1129 3152 tota

77 3193 103 3232 aa
116 3174 152 3234 ab
165 3173 360 3254 Hellesponto
376 3175 528 3254 longitudo
547 3173 765 3237 CCXXXVIIII
779 3175 809 3236 Μ
823 3194 902 3255 pass.
927 3175 1003 3235 Dein
1017 3182 1129 3235 uastum

115 3277 194 3320 mare
206 3259 315 3320 Pontus
328 3257 469 3342 Euxinus,
482 3262 530 3339 qui
543 3260 685 3340 quondam
697 3261 831 3336 Axenus,
843 3259 933 3337 longe
945 3260 1128 3336 refugientes

116 3352 240 3423 occupat
251 3352 346 3404 terras
358 3361 522 3422 magnoque
534 3344 651 3405 litorum
669 3344 746 3405 flexu
764 3352 845 3404 retro
864 3351 1000 3405 curvatus
1016 3345 1045 3403 in
1063 3360 1128 3403 cor·

116 3446 170 3488 nna
191 3427 287 3488 abhis
305 3430 448 3507 utrimque
466 3429 643 3507 porrigitur,
664 3437 695 3488 ut
717 3429 756 3488 sit
775 3427 861 3508 plane
877 3446 980 3488 arcuus
997 3426 1128 3506 ScythIci
