2400 3856
113 172 173 237 176
461 181 491 229 c.
516 182 611 229 rnnu
630 160 779 230 s'noonnr

112 343 149 402 lis
172 343 250 400 inter
272 358 306 399 se
327 338 565 413 concucurrisse,
595 339 728 415 quoniam
751 353 841 415 parvo
867 335 1013 396 discretae
1036 337 1128 397 inter·

112 425 191 485 vallo
208 442 247 482 ex
262 425 387 484 adverso
403 422 575 480 intrantibus
589 422 722 496 geminae
739 419 934 480 cernebantur
948 420 1127 498 paulumque
1155 474 1159 479 .

113 508 228 568 deilexa
245 510 307 567 acie
329 507 493 567 coeuntium
517 506 646 582 speciem
665 504 856 580 praebebant.
889 502 968 564 Citra
985 503 1127 580 Histrum,

113 592 365 672 Apolloniatarum
381 609 434 650 una
452 587 559 649 LXXX
573 588 603 648 Μ
618 606 634 647 a
649 586 783 666 Bosporo
799 587 939 664 Thracio,
960 607 998 647 ex
1013 606 1070 666 qua
1087 587 1125 648 Μ

77 675 248 778 ⁷⁹Lucullus
272 673 465 754 Capitolinum
486 671 655 751 Apollinem
679 673 804 732 advexit,
840 674 917 739 inter
938 673 1013 731 ostia
1033 671 1157 731 Histris

62 744 101 845 9⁷3⁹
116 780 189 838 quae
212 768 312 820 essent
331 759 464 818 diximus.
499 758 577 816 Ante
595 756 800 830 Borysthenen
814 755 947 816 Achillea
970 764 1016 815 est
1038 774 1129 834 supra

77 880 102 914 os
115 846 205 920 dicta,
233 843 334 904 eadem
355 841 452 902 Leuce
479 851 509 901 et
529 840 665 900 Macaron
687 839 840 918 appellata
871 839 945 899 hanc
963 849 1129 919 temporum

114 929 216 988 horum
240 927 450 987 demonstratio
478 922 698 996 aBorysthene
727 922 800 983 CXL
821 923 851 984 Μ
879 927 978 1001 ponit,
1011 922 1129 999 a'l'yra

116 1011 195 1073 CXX
215 1011 261 1089 Μ
289 1030 305 1071 a
325 1010 422 1070 Peuce
439 1006 571 1067 1nsulaL
591 1004 628 1065 Μ
667 1009 790 1084 cingitur
812 1010 930 1068 circiter
949 1008 975 1067 X
996 1006 1025 1066 Μ
1047 1025 1127 1084 pass.

114 1095 282 1172 Reliquae
274 1114 303 1154 ιιι
320 1091 507 1153 Carcinite
484 1110 548 1151 smu
564 1087 821 1190 Cephalonnesos‚
847 1091 998 1170 Spodusa,
1016 1092 1126 1153 Macra
1142 1109 1166 1148 ιο

114 1179 181 1238 Νοιι
203 1187 249 1237 est
271 1175 428 1236 omittenda
451 1173 605 1234 multorum
621 1177 737 1271 opinio,
762 1178 928 1253 priusquam
948 1175 1129 1275 digredimur

115 1280 132 1321 a
163 1261 275 1335 Ponto,
312 1261 359 1338 qui
395 1262 484 1320 maria
518 1259 611 1317 omnia
647 1259 788 1320 interiora
822 1259 873 1318 illo
905 1261 1000 1338 capite
1033 1262 1129 1337 nasci,

115 1363 171 1405 non
201 1343 340 1404 Gaditano
372 1343 469 1421 ireto,
505 1344 710 1403 existimavere
736 1344 804 1403 haut
834 1343 1010 1420 inprobabili
1042 1361 1129 1420 argu·

115 1439 214 1504 mento
222 1430 387 1507 ,quoniam
409 1437 507 1488 aestus
523 1443 640 1504 semper
659 1446 675 1487 e
692 1427 787 1487 Ponto
804 1427 953 1505 profluens
975 1445 1130 1525 numquam

115 1472 1166 1592 reciprdcet.1s

63 1597 99 1651 94
178 1597 350 1658 Exeundum
365 1597 469 1657 deinde
488 1608 544 1675 est,
561 1575 591 1657 ut
608 1606 711 1659 extera
724 1595 862 1694 Europae
877 1596 1018 1674 dicantur,
1035 1605 1129 1657 trans·

116 1685 288 1761 gressisque
309 1680 439 1760 Ripaeos
468 1692 582 1742 montes
609 1682 676 1741 litus
705 1682 806 1740 oceani
829 1680 1108 1761 septentrionalis
1099 1701 1130 1740 ιιι

117 1767 219 1845 laeva,
251 1765 345 1826 donec
372 1762 559 1845 perveniatur
585 1765 690 1842 Gadis,
717 1763 881 1841 legendum.
920 1764 1037 1825 insulae
1059 1783 1130 1825 con·

118 1851 217 1930 plures
242 1852 305 1911 sine
333 1850 496 1910 nominibus
523 1868 560 1910 eo
593 1852 649 1910 situ
675 1848 839 1924 traduntur,
863 1867 903 1908 ex
928 1849 1032 1927 quibus
1059 1857 1129 1909 ante

118 1935 263 2010 Scythiam
285 1952 359 2012 quae
374 1933 537 2013 appellatur
551 1935 698 1994 Baunonia
719 1951 803 1992 uuam
823 1933 930 1993 abesse
952 1933 1010 1992 diei
1029 1950 1128 2011 cursu,
1141 1949 1165 1990 ao

117 2021 148 2079 in
168 2036 251 2094 quam
271 2020 350 2077 veris
367 2027 499 2094 tempore
521 2019 655 2078 fluctibus
674 2016 815 2077 electrum
835 2018 972 2092 eiciatur,
992 2016 1128 2077 Timaeus

117 2100 256 2180 prodidit.
288 2102 400 2178 reliqua
417 2101 504 2160 litora
519 2104 630 2161 incerta
645 2103 759 2177 signata
772 2102 855 2161 fama.
887 2101 1128 2180 septentrionalis

119 2201 256 2243 oceanus
291 2184 469 2243 Amalchium
490 2204 555 2244 eum
574 2184 736 2244 Hecataeus
760 2185 889 2264 appellat
912 2203 929 2245 a
950 2185 1129 2263 Parapaniso

121 2287 220 2345 amne,
245 2287 301 2346 qua
322 2267 467 2343 Scythiam
489 2268 594 2345 adluit,
616 2268 693 2347 quod
714 2285 819 2330 nomeu
836 2272 899 2330 eius
915 2272 1011 2347 gentis
1030 2268 1129 2346 lingua

120 2353 263 2452 significat
278 2352 471 2430 congelatum.
501 2352 652 2413 Philemon
666 2350 885 2414 llorimarusam
903 2373 919 2413 a
936 2351 1061 2413 Cimbris
1077 2372 1129 2413 vo·
1141 2370 1165 2410 as

120 2439 197 2514 cari,
218 2438 275 2498 hoc
297 2447 343 2498 est
363 2445 505 2498 mortuum
520 2456 615 2516 mare,
634 2456 727 2515 usque
749 2437 785 2496 ad
807 2439 1032 2516 promunturium
1054 2436 1130 2496 Rus·

119 2521 209 2597 boas,
233 2521 308 2582 ultra
329 2521 433 2582 deinde
456 2520 602 2582 Cronium.
646 2520 813 2599 Xenophon
829 2521 1041 2601 Lampsacenus
1062 2541 1077 2580 a
1096 2521 1130 2581 li·

120 2613 186 2665 tore
215 2605 385 2680 Scytharum
410 2606 495 2666 tridui
522 2606 707 2682 navigatione
734 2605 855 2665 insulam
885 2625 952 2666 esse
978 2608 1130 2666 inmensae

118 2689 322 2763 magnitudinis
337 2688 477 2749 Balciam
483 2689 583 2766 tradit,
605 2688 725 2749 eandem
738 2688 863 2765 Pytheas
883 2689 1017 2749 Basiliam
1038 2692 1130 2749 nouri-

93 2798 96 2803 ·
120 2779 178 2830 nat
205 2771 350 2832 Feruntur
364 2780 393 2831 et
409 2770 553 2832 Oeonae
545 2791 576 2831 ιιι
590 2774 653 2870 quis
667 2774 730 2832 ovis
744 2776 838 2832 avium
854 2783 883 2833 et
895 2775 996 2834 avenis
1012 2774 1129 2834 incolae
1142 2788 1167 2831 oo

121 2856 234 2932 vivant,
262 2856 365 2915 aliae
357 2875 386 2914 ιιι
413 2857 516 2933 quibus
539 2858 652 2933 equinis
674 2856 796 2936 pedibus
817 2857 949 2919 homines
974 2866 1130 2918 nascantur

64 2938 311 3019 Hippopodes
343 2939 493 3036 appellati.
537 2940 726 3001 Fanesiorum
755 2940 867 3002 aliae
858 2960 888 3001 ιιι
921 2942 1024 3021 quibus
1054 2943 1131 3004 nuda

121 3024 228 3103 alioqui
253 3019 379 3103 corpora'
398 3024 626 3125 praegrandes
618 3042 747 3103 ipsorum
768 3043 853 3086 aures
867 3034 938 3085 tota
960 3036 1129 3105 contegant

67 3105 104 3162 96
120 3108 223 3188 Incipit
240 3109 307 3170 inde
325 3108 432 3168 clarior
452 3110 560 3187 aperiri
579 3110 653 3168 sama
674 3108 709 3168 ab
730 3117 819 3185 gente
839 3108 1038 3208 lngqaeonum
1055 3129 1129 3190 quae

123 3200 168 3251 est
192 3193 260 3252 inde
284 3195 375 3270 prima
391 3190 570 3254 Germaniae.
620 3192 705 3253 Mons
730 3192 808 3253 Sero
836 3193 911 3253 ibi
903 3212 1049 3255 inmensus
1075 3210 1168 3257 neom

121 3274 266 3354 Ripaeis
257 3278 333 3352 rugis
349 3278 442 3337 minor
462 3279 603 3337 inmanem
623 3276 659 3335 ad
680 3273 861 3336 Cimbrorum
881 3296 973 3356 usque
994 3296 1129 3357 promun-

122 3362 226 3419 turium
252 3361 341 3420 elficit
367 3363 476 3436 sinum,
500 3361 547 3438 qui
566 3356 699 3419 Codanus
726 3368 847 3421 vocatur
872 3362 998 3421 refertus
1024 3363 1129 3424 insulis

121 3460 238 3519 quarum
263 3444 421 3505 clarissima
448 3452 494 3505 cst
518 3443 680 3503 Scatinauia
699 3444 889 3523 inconpertae
913 3445 1129 3527 magnitudinis,
