2400 3856
367 171 447 219 nnn.
464 169 555 218 nisu.
571 172 605 218 v.
621 165 664 218 32.
684 157 823 238 (ao-44.)
1039 151 1103 218 215

157 321 238 404 (43.)
259 323 341 384 Nunc
355 324 468 402 reliqua
484 326 513 383 in
532 341 591 383 ora.
620 342 635 384 a
651 324 705 385 Cio
724 327 801 385 intus
813 326 842 384 in
853 322 986 400 Bithynia
999 322 1089 382 Prusa
1103 327 1155 379 148

92 409 129 469 ab
151 407 310 468 Hannibale
333 408 386 469 sub
409 405 533 486 Olympo
555 407 679 470 condita.
720 408 787 468 inde
810 407 947 469 Nicaeam
967 405 1052 466 XXV
1073 404 1102 464 Μ

60 546 62 550 Α
92 510 228 571 passuum
244 493 458 552 interveniente
470 491 600 551 Ascanio
617 492 689 552 lacu.
718 491 822 552 deinde
837 491 945 551 Nicaea
960 492 989 550 in
1001 488 1101 548 ultimo

92 576 220 636 Ascanio
240 577 315 654 sinn,
332 593 406 652 quae
421 576 502 653 prius
519 572 621 651 Olbia,
645 584 675 636 et
690 574 816 635 Prusias.
856 577 926 636 item
940 574 1032 632 altera
1048 573 1102 631 sub

57 670 72 712 s
93 658 188 737 Hypio
203 667 312 720 monte.
342 659 425 720 luere
437 657 629 736 Pythopolis,
647 657 890 736 Parthenopolis,
907 655 1102 733 Coryphanta.

93 752 159 802 sunt
177 745 206 802 in
222 760 272 802 ora
289 760 388 802 amnes
408 741 533 818 Aesius,
548 742 698 817 Bryazon,
720 741 891 816 Platanous,
912 740 1025 813 Areus,
1044 738 1103 797 Ae-

94 843 196 902 syros,
228 824 346 886 Ccodos
368 828 416 903 qui
440 834 470 885 et
492 823 728 901 Chrysorrhoas,
757 825 984 901 promunturium
1000 823 1028 881 in
1045 838 1102 899 quo

92 909 241 985 lllegarice
263 909 399 987 oppidum
419 909 482 970 luit.
522 910 598 969 unde
621 907 808 986 Craspedites
832 910 911 968 sinus
933 905 1103 981 vocabatur,

94 994 228 1068 quoniam
249 991 277 1051 id
300 993 435 1071 oppidum
455 992 537 1054 velut
559 994 588 1052 in
609 993 712 1053 lacinia
729 999 799 1053 erat.
838 992 892 1051 tuit
907 998 937 1050 et
951 988 1103 1065 Astacum,

54 1090 80 1130 10
94 1075 168 1135 rande
186 1084 216 1135 et
233 1095 271 1136 ex
287 1094 324 1136 eo
336 1076 500 1137 Astacenus
511 1075 587 1136 idem
603 1078 692 1137 sinus.
717 1076 772 1135 fnit
787 1083 817 1134 et
827 1074 951 1149 Libyssa
968 1072 1103 1152 oppidum

94 1159 142 1218 ubi
158 1178 233 1218 nnnc
244 1159 411 1220 Hannibalis
423 1169 532 1220 tantum
547 1161 681 1221 tumulus.
708 1167 754 1219 est
769 1160 799 1218 in
810 1160 910 1219 intimo
927 1161 990 1218 sinu
1006 1157 1093 1216 Nico·
1105 1158 1157 1214 149

94 1242 189 1302 media
205 1242 358 1319 Bithyniae
381 1243 543 1321 praeclara.
578 1242 719 1303 Leucatas
734 1243 962 1320 promunturium
984 1259 1041 1320 quo
1063 1243 1104 1300 in·

94 1326 218 1386 cluditur
230 1327 394 1386 Astacenus
404 1329 484 1386 sinus
496 1345 512 1386 a
523 1327 691 1387 Nicomedia
702 1325 843 1386 XXXVII
853 1326 882 1387 Μ
893 1327 931 1402 D,
944 1343 1104 1404 rursusque

94 1410 269 1470 coeuntibus
290 1412 378 1469 terris
400 1411 551 1487 angustiae
576 1411 758 1488 pertinentes
781 1409 923 1488 usquead
940 1410 1104 1487 Bosporum

54 1509 80 1549 15
95 1494 256 1553 Thracium.
288 1493 317 1552 in
334 1495 369 1553 iis
387 1491 660 1558 Calchadonlibera
676 1511 692 1553 a
708 1492 877 1553 Nicomedia
888 1492 967 1552 LXll
982 1492 1020 1569 D,
1036 1493 1105 1552 Pro·

94 1579 217 1637 cerastis
233 1585 301 1639 ante
317 1577 403 1654 dicta,
420 1577 487 1638 dein
507 1576 644 1656 Colpusa,
660 1586 765 1654 postea
781 1575 941 1636 Caeoorum
957 1577 1104 1652 oppidum,
1188 1586 1191 1591 ’

95 1660 171 1738 quod
188 1661 282 1721 locum
298 1661 412 1739 eligere
428 1663 610 1738 nescissent,
632 1660 687 1721 Vll
706 1661 806 1722 stadiis
823 1661 946 1720 distante
963 1658 1104 1735 Byzantio

94 1752 174 1802 tanto
191 1745 325 1805 iellciore
339 1745 471 1805 omnibus
482 1745 575 1805 modis
592 1745 672 1805 sede.
701 1754 833 1806 ceterum
843 1746 920 1803 intus
932 1745 962 1802 in
972 1742 1106 1819 Bithynia

95 1826 210 1888 colonia
227 1828 393 1906 Apamena,
411 1829 633 1907 Agrippenses‚
650 1828 852 1906 Iuliopolitae,
867 1827 1031 1903 Bithyniam
1056 1825 1107 1884 llu-

54 1913 168 1971 aomina
184 1911 316 1988 Syrium,
332 1911 473 1991 hapbias,
495 1911 685 1989 Pharnacias‚
701 1912 808 1989 Alces,
830 1911 959 1987 Sericis,
977 1909 1105 1986 Lilaeus,

55 2066 57 2071 Ι
96 1997 236 2073 Scopius,
252 1994 358 2056 Hieros
372 1998 420 2074 qui
432 1995 594 2072 Bithyniam
607 2004 636 2056 et
649 1993 787 2057 Galatiam
800 1995 988 2055 disterminat.
1013 1992 1095 2053 Ultra
1107 1996 1159 2050 lbb

96 2077 279 2139 Calchadona
300 2078 494 2159 Chrysopolis
515 2080 579 2139 fnit.
610 2079 678 2140 dein
697 2079 867 2159 Nicopolis,
888 2097 904 2139 a
927 2096 982 2156 qua
1001 2095 1106 2138 nomen

74 2202 77 2208 ·
96 2164 249 2223 etiamnum
262 2165 341 2225 sinus
356 2165 464 2224 retinet
477 2164 507 2223 in
524 2182 580 2241 quo
593 2171 697 2243 portus
712 2164 823 2240 Amyci.
848 2163 915 2223 dein
926 2162 1107 2223 Naulochum

97 2249 340 2323 promunturium,
361 2246 482 2325 Estlae,
504 2248 643 2326 templum
661 2248 799 2326 Neptuni.
835 2247 985 2325 Bosporus
1000 2246 1026 2305 D
1041 2265 1108 2326 pas·

10 2326 15 2332 ’
57 2347 83 2387 as
98 2347 177 2388 suum
196 2331 351 2390 intervallo
366 2331 467 2390 Asiam
482 2330 619 2410 Europae
634 2333 738 2392 iterum
754 2332 890 2391 auferens
909 2330 994 2391 abest
1009 2348 1025 2389 a
1042 2327 1108 2390 Cal·

98 2412 228 2472 chadone
243 2411 296 2472 Xll
309 2418 334 2472 Μ
348 2412 374 2471 D
390 2431 535 2491 passuum.
564 2414 631 2475 inde
647 2416 746 2476 lauces
758 2417 867 2493 primae
883 2412 952 2475 Vlll
966 2411 1106 2474 abaci.

98 2514 250 2574 passuum,
272 2496 320 2555 ubi
337 2496 502 2576 Spiropolis
522 2498 659 2577 oppidum
673 2499 736 2558 init.
766 2497 878 2559 Tenent
894 2516 973 2558 oram
994 2516 1108 2557 omnem

98 2579 208 2655 Thyni,
237 2581 378 2640 interiora
397 2580 524 2656 Bithyni.
566 2581 595 2641 ls
617 2583 680 2642 iinis
701 2582 792 2642 Asiae
814 2591 859 2642 est
874 2582 1106 2662 populorumque

99 2661 285 2725 CCLXXXll
310 2666 358 2742 qui
387 2665 421 2724 ad
450 2684 515 2725 eum
540 2665 633 2726 locum
661 2685 677 2726 a
702 2667 758 2726 iine
777 2664 883 2741 Lyciae
911 2675 1105 2726 numerantur.

57 2766 84 2806 eo
99 2748 227 2827 Spatium
246 2746 432 2827 Hellesponti
457 2757 488 2810 et
505 2749 693 2830 Propontidis
721 2749 755 2809 ad
776 2749 939 2827 Bosporum
956 2750 1108 2810 Thracium

98 2851 166 2892 esse
190 2830 406 2893 CCXXXVlllI
427 2832 456 2893 Μ
477 2843 555 2912 pass.
579 2835 709 2895 diximus.
752 2851 768 2893 a
787 2830 970 2894 Calchadone
987 2836 1106 2911 Sigeum
1115 2857 1159 2902 nn

97 2914 226 2976 Isidorus
243 2914 402 2977 CCCXXII
420 2916 449 2976 Μ
464 2916 489 2977 D
507 2937 584 2996 pass.
603 2919 696 2978 tradit.

161 2998 242 3081 (44.)
257 2999 373 3062 Insulae
387 3002 416 3060 in
432 3001 611 3080 Propontide
627 3010 692 3061 ante
709 3000 1159 3080 CyzicumElaphonnesus,151

99 3083 174 3144 unde
190 3081 364 3159 Cyzicenum
375 3102 510 3161 marmor,
526 3085 626 3147 eadem
637 3085 744 3146 Neuris
759 3094 789 3147 et
799 3086 1004 3146 Proconnesus
1020 3084 1107 3145 dicta.

58 3177 237 3228 obsecuntur
259 3166 420 3245 Ophiussa,
441 3168 607 3247 Acanthus,
633 3168 772 3247 Phoebe,
794 3169 955 3248 Scopelos,
977 3167 1108 3247 Porphy-

98 3254 198 3328 rionc,
215 3250 327 3311 Halone
342 3269 406 3312 cum
422 3251 548 3330 oppido,
567 3252 745 3331 Delphaoie,
763 3252 906 3329 Polydoro
913 3296 923 3330 ,
941 3253 1108 3313 Artaoaeon

99 3353 162 3395 oum
184 3334 303 3414 oppido.
342 3343 388 3396 est
410 3344 440 3395 et
462 3346 562 3396 contra
579 3335 776 3396 Nicomediam
796 3336 1015 3414 Demonnesos,
1037 3338 1107 3396 item

99 3420 175 3482 ultra
198 3418 369 3481 Heracleam
395 3418 519 3480 adversa
543 3419 694 3499 Bithyniae
723 3420 848 3497 Thynias
877 3438 960 3498 quam
991 3421 1107 3482 barbari
