2400 3856
141 158 205 221 244
493 173 521 220 c.
542 173 635 219 untur
654 173 802 221 ssctrxm

143 331 191 406 qui
217 336 263 386 est
282 325 403 387 Caucasi
427 346 538 403 ramus,
559 327 625 386 inde
647 327 817 386 mollissimo
837 328 958 385 transitu
977 328 1005 385 in
1020 325 1149 388 Bactros.

93 417 142 470 135
154 411 296 471 Susianen
317 412 353 471 ab
375 410 525 487 Elymaide
547 411 726 471 disterminat
754 413 843 469 amnis
865 409 993 469 Eulaeus
1021 420 1104 469 ortus
1124 413 1151 469 in

144 494 236 554 lledis
255 495 427 573 modicoque
447 498 542 573 spatio
557 494 690 554 cuniculo
707 496 839 554 conditus
854 503 1010 553 ac·rursus
1031 503 1151 554 exortus

144 587 174 638 et
197 598 251 658 per
272 579 498 639 Massabatenen
526 579 632 657 lapsus.
675 581 805 638 circumit
827 596 921 636 arcem
948 577 1089 636 Susorum
1120 596 1152 637 ac

143 662 253 724 Dianae
266 664 401 741 templum
414 665 646 740 augustissimum
659 662 716 721 illis
728 661 876 739 gentibus,
890 663 997 738 etipse
1009 663 1039 720 in
1050 680 1152 738 magna
1165 671 1177 711 ὁ

143 749 334 821 caerimonia,
356 747 497 824 siquidem
519 765 607 824 reges
625 765 681 805 non
705 765 743 805 ex
766 747 823 805 alio
842 745 943 805 bibunt
964 754 994 804 et
1013 745 1052 805 ob
1075 745 1105 804 id
1124 748 1152 804 in

143 830 301 910 longinqua
317 839 445 908 portant.
476 833 580 909 recipit
601 848 698 889 amnes
719 829 881 908 Hedyphon
895 838 1014 907 praeter
1031 828 1152 904 Asylum

142 915 296 974 Persarum
309 916 493 990 venientem,
520 913 650 973 Adunam
678 933 716 973 ex
737 912 874 973 Susianis.
915 912 1051 991 oppidum
1073 915 1151 972 iuxta

144 1016 209 1057 eum
224 997 346 1077 blagoa,
363 1017 378 1058 a
394 997 523 1058 Charace
538 996 593 1055 XV
607 997 666 1057 mil.
681 1016 824 1075 passuum.
859 996 971 1074 quidam
985 996 1043 1056 hoc
1058 998 1088 1055 in
1104 1016 1152 1056 ex·

93 1089 142 1142 136
154 1091 244 1141 trema
256 1082 378 1141 Susiane
390 1090 499 1159 ponunt
511 1080 714 1141 solitudinibus
727 1083 896 1160 proximum.
922 1079 998 1140 Infra
1011 1080 1151 1141 Eulaeum
1163 1092 1183 1132 10

143 1165 270 1241 Elymais
287 1168 376 1224 estin
393 1181 442 1224 ora
459 1167 553 1224 iuncta
568 1163 698 1242 Persidi,
722 1184 737 1225 a
754 1165 867 1224 llumine
892 1164 971 1225 Orati
990 1166 1024 1223 ad
1047 1163 1151 1225 Chara-

143 1267 206 1307 cem
230 1244 328 1308 CCXL
350 1248 407 1309 mil.
430 1266 574 1325 passuum.
601 1250 718 1327 ¹oppida
735 1247 798 1309 eiu's
819 1249 953 1309 Seleucia
974 1256 1003 1308 et
1019 1248 1151 1308 Sosirate

109 1347 132 1380 ο·
144 1331 276 1409 adposita
294 1339 384 1391 monti
401 1330 533 1393 Chasiro.
574 1332 659 1393 Oram
676 1351 750 1411 quae
766 1335 913 1411 praeiacet
927 1334 1068 1392 minorum
1084 1331 1150 1409 Syr·

144 1416 212 1474 tium
229 1418 292 1475 vice
307 1417 429 1476 diximus
448 1419 626 1477 inaccessam
640 1435 752 1493 coeno,
775 1418 925 1494 plurimum
940 1416 999 1475 limi
1015 1416 1150 1476 deferen-

143 1498 219 1558 tibus
239 1499 324 1558 Brixa
344 1511 373 1560 et
389 1501 503 1560 Ortacia
520 1501 666 1578 amnibus,
681 1503 814 1560 madente
832 1510 862 1560 et
877 1503 940 1577 ipsa
952 1499 1104 1577 Elymaide
1123 1502 1150 1558 in
1162 1511 1182 1551 1⁵

143 1590 251 1641 tantum
266 1592 297 1642 ut
313 1584 406 1643 nullus
420 1587 457 1643 sit
472 1587 526 1643 nisi
543 1586 664 1644 circuitu
683 1587 744 1644 eius
762 1585 797 1643 ad
810 1585 958 1645 Persidem
973 1585 1078 1644 aditus.
1110 1586 1150 1643 in-

142 1666 267 1725 Testatur
288 1676 317 1726 et
339 1669 525 1745 serpentibus
552 1685 625 1746 quos
648 1669 761 1727 lluminu
789 1669 952 1746 deportant.
997 1670 1149 1746 perseius

143 1751 265 1809 maxime
281 1753 357 1810 invia
370 1750 536 1811 Characene
552 1761 671 1811 vocatur
682 1753 717 1812 ab
731 1753 839 1830 oppido
856 1751 984 1811 Arabiae
996 1751 1149 1811 claudente

142 1851 233 1909 regna
256 1852 307 1911 ea,
331 1836 367 1894 de
390 1854 447 1912 quo
466 1836 593 1894 dicemus
609 1839 743 1914 exposita
760 1838 839 1914 prius
856 1834 894 1895 bl.
916 1837 1069 1914 Agrippae
1085 1853 1149 1894 sen·

91 1922 141 1975 137
153 1919 251 1976 tentia.
274 1936 394 1996 namque
408 1920 432 1977 is
444 1918 566 1978 Mediam
578 1928 608 1979 et
620 1918 762 1978 Parthiam
774 1929 804 1979 et
816 1919 971 1985 Persidem¹
980 1921 1016 1980 ab
1035 1921 1148 1978 oriente
1160 1930 1182 1969 tt

141 1999 230 2077 lndo,
253 2001 289 2060 ab
313 2003 466 2062 occidente
489 2003 585 2079 Tigri,
610 2023 625 2061 a
648 2005 850 2080 septentrione
867 2002 980 2077 Tauro,
1005 2001 1147 2075 Caucaso,

141 2102 157 2143 a
173 2085 294 2143 meridie
308 2084 408 2144 Rubro
428 2089 496 2144 mari
513 2087 677 2146 terminatas
692 2096 792 2162 patere
804 2090 833 2145 in
847 2086 1057 2164 longitudinem
1073 2089 1146 2171 [ῑιῖῖι

140 2165 197 2225 ΧΧ
211 2167 269 2225 mil.
294 2185 384 2244 pass,
407 2170 435 2227 in
454 2169 633 2228 latitudinem
654 2167 806 2229 DCCCXL
828 2171 970 2249 prodidit,
993 2180 1147 2247 praeterea

140 2266 195 2327 per
210 2269 242 2310 se
258 2249 497 2329 Mesopotamiam
513 2253 549 2311 ab
565 2253 678 2312 oriente
697 2252 795 2330 Tigri,
812 2255 848 2314 ab
865 2272 969 2313 occasu
987 2252 1147 2332 Euphrate,

141 2353 156 2391 a
172 2337 375 2412 septentrione
390 2335 503 2413 Tauro,
526 2355 541 2396 a
556 2337 676 2396 meridie
695 2340 763 2396 mari
780 2336 901 2398 Persico
914 2338 1072 2416 inclusam,
1087 2338 1147 2397 lon·
1158 2348 1180 2388 ²⁵

90 2430 140 2482 138
151 2418 281 2494 gitudiue
298 2416 399 2479 DCCC
413 2420 472 2478 mil.
488 2438 583 2497 pass,
601 2420 750 2480 latitudine
768 2418 902 2480 CCCLX.
937 2420 1052 2480 Charax
1067 2423 1147 2500 oppi-

140 2501 204 2559 dum
219 2501 327 2562 Persici
349 2505 428 2562 sinus
443 2506 587 2578 intimum,
609 2521 624 2561 a
648 2521 704 2581 quo
723 2503 831 2563 Arabia
851 2504 1019 2564 Eudaemon
1039 2522 1147 2582 cogno·

139 2586 244 2644 minata
261 2588 406 2662 excurrit,
423 2586 566 2646 habitatur
577 2590 606 2645 in
623 2587 700 2647 colle
716 2591 890 2647 manufacto
910 2591 987 2647 inter
1001 2588 1147 2648 conlluen·

140 2676 203 2741 tes,
231 2669 334 2728 dextra
357 2668 481 2746 Tigrim,
509 2671 590 2729 laeva
613 2670 768 2743 Eulaeum,
793 2671 820 2730 Il
840 2672 896 2730 mil.
918 2689 995 2749 pass.
1017 2672 1145 2731 laxitate.

139 2751 283 2809 conditum
300 2760 345 2811 est
361 2754 481 2830 primum
501 2752 536 2811 ab
555 2754 722 2813 Alexandro
745 2753 851 2831 lllagno
876 2755 990 2815 colonis
1013 2774 1052 2814 ex
1074 2756 1179 2815 urbett

139 2836 221 2910 regia
243 2833 351 2893 Durine
374 2853 447 2912 quae
470 2845 528 2894 tum
551 2838 661 2897 interiit
684 2838 825 2897 deductis.
862 2838 980 2897 militum
996 2839 1145 2898 inutilibus

139 2918 179 2977 ibi
201 2918 311 2977 relictis
333 2919 537 2979 Alexandriam
562 2920 702 3000 appellari
723 2924 867 2999 iusserat,
896 2939 1061 3000 pagumque
1082 2922 1145 2982 Pel·

89 3001 244 3062 acolacum
264 3019 279 3061 a
300 3004 391 3080 patria
414 3022 464 3062 sua
485 3021 570 3081 quem
595 3007 716 3082 proprie
732 3003 920 3064 blacedonum
943 3005 1064 3065 iecerat.
1095 3005 1145 3064 llu-

115 3099 117 3104 ’
137 3087 212 3144 mina
233 3085 260 3144 id
284 3087 419 3164 oppidum
449 3106 665 3165 expugnavere.
709 3097 812 3166 postea
835 3091 962 3149 restituit
982 3089 1145 3150 Antiochus

138 3171 254 3245 quintus
274 3189 373 3246 regum
389 3179 419 3229 et
440 3189 492 3230 suo
516 3172 631 3231 nomine
651 3173 819 3248 appellavit,
843 3174 945 3232 iterum
966 3189 1085 3250 quoque
1106 3174 1178 3232 ira-u

138 3252 274 3311 testatum
286 3251 406 3313 Pasines
421 3253 620 3332 Saggodanaci
634 3255 725 3332 lilius,
742 3275 796 3315 rex
811 3256 993 3315 linitimorum
1006 3255 1144 3332 Arabum,

139 3350 222 3409 quem
238 3334 308 3394 Iuba
331 3346 467 3414 satrapen
488 3338 625 3397 Antiochi
650 3339 743 3398 luisse
771 3339 845 3399 falso
867 3339 969 3414 tradit,
1000 3338 1145 3417 oppositis

138 3417 263 3480 molibus
278 3421 405 3479 restituit
420 3438 583 3499 nomenque
601 3440 681 3480 suum
703 3422 783 3482 dedit
800 3425 927 3483 emunito
944 3424 1000 3482 situ
1020 3425 1101 3484 iuxta
1117 3426 1146 3482 in

78 3610 134 3624 -ῌ-
