<?xml version="1.0" encoding="UTF-8"?>
<!DOCTYPE html PUBLIC "-//W3C//DTD XHTML 1.0 Transitional//EN"
    "http://www.w3.org/TR/xhtml1/DTD/xhtml1-transitional.dtd">
<html xmlns="http://www.w3.org/1999/xhtml" xml:lang="en" lang="en">
 <head>
  <title>
</title>
<meta http-equiv="Content-Type" content="text/html;charset=utf-8" />
  <meta name='ocr-system' content='tesseract 3.04.00' />
  <meta name='ocr-capabilities' content='ocr_page ocr_carea ocr_par ocr_line ocrx_word'/>
</head>
<body>
  <div class='ocr_page' id='page_1' title='image "./cplinisecundina07plingoog_0343.png"; bbox 0 0 2400 3856; ppageno 0'>
   <div class='ocr_carea' id='block_1_1' title="bbox 131 162 798 227">
    <p class='ocr_par' dir='ltr' id='par_1_1' title="bbox 131 162 798 227">
     <span class='ocr_line' id='line_1_1' title="bbox 131 162 798 227; baseline -0.006 0"><span class='ocrx_word' id='word_1_1' title='bbox 131 162 194 227; x_wconf 77' lang='lat'><strong>‘256</strong></span> <span class='ocrx_word' id='word_1_2' title='bbox 479 175 509 221; x_wconf 85' lang='lat' dir='ltr'><strong>o.</strong></span> <span class='ocrx_word' id='word_1_3' title='bbox 532 176 628 221; x_wconf 82' lang='lat' dir='ltr'><strong>rnrur</strong></span> <span class='ocrx_word' id='word_1_4' title='bbox 650 175 798 223; x_wconf 74' lang='lat' dir='ltr'><strong>sucr&#39;nor</strong></span> 
     </span>
    </p>
   </div>
   <div class='ocr_carea' id='block_1_2' title="bbox 74 329 1182 3082">
    <p class='ocr_par' dir='ltr' id='par_1_2' title="bbox 133 329 1145 660">
     <span class='ocr_line' id='line_1_2' title="bbox 134 329 1145 409; baseline 0.001 -17"><span class='ocrx_word' id='word_1_5' title='bbox 134 333 225 393; x_wconf 91' lang='lat' dir='ltr'><strong>dictus</strong></span> <span class='ocrx_word' id='word_1_6' title='bbox 243 349 258 389; x_wconf 92' lang='lat' dir='ltr'><strong>a</strong></span> <span class='ocrx_word' id='word_1_7' title='bbox 277 329 405 389; x_wconf 88' lang='lat' dir='ltr'><strong>Graecis.</strong></span> <span class='ocrx_word' id='word_1_8' title='bbox 448 347 463 388; x_wconf 95' lang='lat' dir='ltr'><strong>a</strong></span> <span class='ocrx_word' id='word_1_9' title='bbox 486 347 543 407; x_wconf 87' lang='lat' dir='ltr'><strong>qno</strong></span> <span class='ocrx_word' id='word_1_10' title='bbox 566 331 712 407; x_wconf 87' lang='lat' dir='ltr'><strong>navigatio</strong></span> <span class='ocrx_word' id='word_1_11' title='bbox 734 329 894 408; x_wconf 80' lang='lat' dir='ltr'><strong>quatridui,</strong></span> <span class='ocrx_word' id='word_1_12' title='bbox 915 333 1145 409; x_wconf 90' lang='lat' dir='ltr'><strong>promunturium</strong></span> 
     </span>
     <span class='ocr_line' id='line_1_3' title="bbox 134 413 1144 495; baseline 0.004 -23"><span class='ocrx_word' id='word_1_13' title='bbox 134 415 210 492; x_wconf 84' lang='lat' dir='ltr'><strong>qnod</strong></span> <span class='ocrx_word' id='word_1_14' title='bbox 225 413 360 492; x_wconf 88' lang='lat' dir='ltr'><strong>Hesperu</strong></span> <span class='ocrx_word' id='word_1_15' title='bbox 381 430 465 471; x_wconf 87' lang='lat' dir='ltr'><strong>ceras</strong></span> <span class='ocrx_word' id='word_1_16' title='bbox 482 422 601 473; x_wconf 89' lang='lat' dir='ltr'><strong>vocatur</strong></span> <span class='ocrx_word' id='word_1_17' title='bbox 617 414 732 473; x_wconf 92' lang='lat' dir='ltr'><strong>conline</strong></span> <span class='ocrx_word' id='word_1_18' title='bbox 748 413 867 473; x_wconf 87' lang='lat' dir='ltr'><strong>Airioae</strong></span> <span class='ocrx_word' id='word_1_19' title='bbox 883 414 1144 495; x_wconf 81' lang='lat' dir='ltr'><strong>iuxta&#39;Aethiopas</strong></span> 
     </span>
     <span class='ocr_line' id='line_1_4' title="bbox 133 496 1144 576; baseline 0.002 -19"><span class='ocrx_word' id='word_1_20' title='bbox 133 498 304 576; x_wconf 89' lang='lat' dir='ltr'><strong>Hesperios.</strong></span> <span class='ocrx_word' id='word_1_21' title='bbox 345 496 457 574; x_wconf 87' lang='lat' dir='ltr'><strong>quidam</strong></span> <span class='ocrx_word' id='word_1_22' title='bbox 480 505 509 556; x_wconf 88' lang='lat' dir='ltr'><strong>et</strong></span> <span class='ocrx_word' id='word_1_23' title='bbox 533 499 561 555; x_wconf 91' lang='lat' dir='ltr'><strong>in</strong></span> <span class='ocrx_word' id='word_1_24' title='bbox 580 513 617 556; x_wconf 94' lang='lat' dir='ltr'><strong>eo</strong></span> <span class='ocrx_word' id='word_1_25' title='bbox 639 505 732 556; x_wconf 90' lang='lat' dir='ltr'><strong>tractu</strong></span> <span class='ocrx_word' id='word_1_26' title='bbox 755 497 885 557; x_wconf 91' lang='lat' dir='ltr'><strong>modicos</strong></span> <span class='ocrx_word' id='word_1_27' title='bbox 906 498 998 558; x_wconf 89' lang='lat' dir='ltr'><strong>colles</strong></span> <span class='ocrx_word' id='word_1_28' title='bbox 1021 517 1144 560; x_wconf 88' lang='lat' dir='ltr'><strong>amoena</strong></span> 
     </span>
     <span class='ocr_line' id='line_1_5' title="bbox 136 581 1012 660; baseline 0 -20"><span class='ocrx_word' id='word_1_29' title='bbox 136 583 281 660; x_wconf 80' lang='lat' dir='ltr'>opacitate</span> <span class='ocrx_word' id='word_1_30' title='bbox 298 582 421 639; x_wconf 90' lang='lat' dir='ltr'><strong>vestitos</strong></span> <span class='ocrx_word' id='word_1_31' title='bbox 439 581 619 659; x_wconf 79' lang='lat' dir='ltr'>Aegipanum</span> <span class='ocrx_word' id='word_1_32' title='bbox 635 582 862 659; x_wconf 81' lang='lat' dir='ltr'><strong>Satyrorumque</strong></span> <span class='ocrx_word' id='word_1_33' title='bbox 878 581 1012 658; x_wconf 90' lang='lat' dir='ltr'><strong>produnt.</strong></span> 
     </span>
    </p>

    <p class='ocr_par' dir='ltr' id='par_1_3' title="bbox 81 661 1182 1329">
     <span class='ocr_line' id='line_1_6' title="bbox 81 661 1174 744; baseline -0.006 -16"><span class='ocrx_word' id='word_1_34' title='bbox 81 672 133 728; x_wconf 80' lang='grc'><strong>198</strong></span> <span class='ocrx_word' id='word_1_35' title='bbox 204 663 254 727; x_wconf 87' lang='lat'><strong>31.</strong></span> <span class='ocrx_word' id='word_1_36' title='bbox 283 661 367 742; x_wconf 83' lang='lat'>(36.)</span> <span class='ocrx_word' id='word_1_37' title='bbox 390 663 501 724; x_wconf 84' lang='lat' dir='ltr'><strong>Insulas</strong></span> <span class='ocrx_word' id='word_1_38' title='bbox 518 672 581 724; x_wconf 94' lang='lat' dir='ltr'><strong>toto</strong></span> <span class='ocrx_word' id='word_1_39' title='bbox 598 663 663 723; x_wconf 85' lang='lat' dir='ltr'><strong>Eoo</strong></span> <span class='ocrx_word' id='word_1_40' title='bbox 685 667 754 723; x_wconf 88' lang='lat' dir='ltr'><strong>mari</strong></span> <span class='ocrx_word' id='word_1_41' title='bbox 776 673 805 725; x_wconf 89' lang='lat' dir='ltr'><strong>et</strong></span> <span class='ocrx_word' id='word_1_42' title='bbox 828 663 963 744; x_wconf 85' lang='lat' dir='ltr'><strong>Ephorus</strong></span> <span class='ocrx_word' id='word_1_43' title='bbox 982 666 1144 743; x_wconf 91' lang='lat' dir='ltr'><strong>conplures</strong></span> <span class='ocrx_word' id='word_1_44' title='bbox 1162 681 1174 721; x_wconf 83' lang='lat'>5</span> 
     </span>
     <span class='ocr_line' id='line_1_7' title="bbox 135 746 1143 824; baseline 0 -14"><span class='ocrx_word' id='word_1_45' title='bbox 135 769 202 810; x_wconf 91' lang='lat' dir='ltr'><strong>esse</strong></span> <span class='ocrx_word' id='word_1_46' title='bbox 225 747 341 808; x_wconf 77' lang='lat' dir='ltr'><strong>tradidit</strong></span> <span class='ocrx_word' id='word_1_47' title='bbox 365 757 394 808; x_wconf 92' lang='lat' dir='ltr'><strong>et</strong></span> <span class='ocrx_word' id='word_1_48' title='bbox 418 746 556 807; x_wconf 80' lang='lat' dir='ltr'><strong>Eudoxus</strong></span> <span class='ocrx_word' id='word_1_49' title='bbox 580 756 610 808; x_wconf 91' lang='lat' dir='ltr'><strong>et</strong></span> <span class='ocrx_word' id='word_1_50' title='bbox 631 747 852 824; x_wconf 80' lang='lat' dir='ltr'><strong>Timosthenes,</strong></span> <span class='ocrx_word' id='word_1_51' title='bbox 882 747 1043 808; x_wconf 88' lang='lat' dir='ltr'><strong>Clitarchus</strong></span> <span class='ocrx_word' id='word_1_52' title='bbox 1067 769 1143 810; x_wconf 88' lang='lat' dir='ltr'><strong>vero</strong></span> 
     </span>
     <span class='ocr_line' id='line_1_8' title="bbox 134 831 1144 911; baseline 0.003 -19"><span class='ocrx_word' id='word_1_53' title='bbox 134 833 301 893; x_wconf 82' lang='lat' dir='ltr'><strong>Alexandro</strong></span> <span class='ocrx_word' id='word_1_54' title='bbox 326 835 390 909; x_wconf 87' lang='lat' dir='ltr'><strong>regi</strong></span> <span class='ocrx_word' id='word_1_55' title='bbox 413 834 603 892; x_wconf 85' lang='lat' dir='ltr'><strong>renuntiatam</strong></span> <span class='ocrx_word' id='word_1_56' title='bbox 624 831 698 892; x_wconf 90' lang='lat' dir='ltr'><strong>adeo</strong></span> <span class='ocrx_word' id='word_1_57' title='bbox 718 832 837 892; x_wconf 87' lang='lat' dir='ltr'><strong>divitem</strong></span> <span class='ocrx_word' id='word_1_58' title='bbox 862 841 892 891; x_wconf 93' lang='lat' dir='ltr'><strong>ut</strong></span> <span class='ocrx_word' id='word_1_59' title='bbox 912 850 1004 911; x_wconf 87' lang='lat' dir='ltr'><strong>equos</strong></span> <span class='ocrx_word' id='word_1_60' title='bbox 1026 834 1144 895; x_wconf 82' lang='lat' dir='ltr'><strong>incolae</strong></span> 
     </span>
     <span class='ocr_line' id='line_1_9' title="bbox 133 915 1144 995; baseline 0.002 -19"><span class='ocrx_word' id='word_1_61' title='bbox 133 917 249 977; x_wconf 90' lang='lat' dir='ltr'><strong>talentis</strong></span> <span class='ocrx_word' id='word_1_62' title='bbox 271 917 331 975; x_wconf 92' lang='lat' dir='ltr'><strong>auri</strong></span> <span class='ocrx_word' id='word_1_63' title='bbox 355 924 569 995; x_wconf 86' lang='lat' dir='ltr'><strong>permutarent,</strong></span> <span class='ocrx_word' id='word_1_64' title='bbox 596 915 732 991; x_wconf 89' lang='lat' dir='ltr'><strong>alteram,</strong></span> <span class='ocrx_word' id='word_1_65' title='bbox 758 916 806 975; x_wconf 93' lang='lat' dir='ltr'><strong>ubi</strong></span> <span class='ocrx_word' id='word_1_66' title='bbox 828 934 912 977; x_wconf 89' lang='lat' dir='ltr'><strong>sacer</strong></span> <span class='ocrx_word' id='word_1_67' title='bbox 933 934 1014 975; x_wconf 90' lang='lat' dir='ltr'><strong>mons</strong></span> <span class='ocrx_word' id='word_1_68' title='bbox 1032 934 1144 995; x_wconf 87' lang='lat' dir='ltr'><strong>opacus</strong></span> 
     </span>
     <span class='ocr_line' id='line_1_10' title="bbox 133 999 1144 1079; baseline 0.001 -19"><span class='ocrx_word' id='word_1_69' title='bbox 133 1001 206 1060; x_wconf 88' lang='lat' dir='ltr'><strong>silva</strong></span> <span class='ocrx_word' id='word_1_70' title='bbox 225 1008 360 1079; x_wconf 87' lang='lat' dir='ltr'><strong>repertus</strong></span> <span class='ocrx_word' id='word_1_71' title='bbox 378 1009 474 1074; x_wconf 90' lang='lat' dir='ltr'><strong>esset,</strong></span> <span class='ocrx_word' id='word_1_72' title='bbox 498 999 663 1059; x_wconf 80' lang='lat' dir='ltr'><strong>destillante</strong></span> <span class='ocrx_word' id='word_1_73' title='bbox 679 999 833 1059; x_wconf 89' lang='lat' dir='ltr'><strong>arboribus</strong></span> <span class='ocrx_word' id='word_1_74' title='bbox 855 999 947 1060; x_wconf 89' lang='lat' dir='ltr'><strong>odore</strong></span> <span class='ocrx_word' id='word_1_75' title='bbox 967 1002 1057 1059; x_wconf 90' lang='lat' dir='ltr'><strong>mirae</strong></span> <span class='ocrx_word' id='word_1_76' title='bbox 1079 1021 1144 1061; x_wconf 91' lang='lat' dir='ltr'><strong>sua·</strong></span> 
     </span>
     <span class='ocr_line' id='line_1_11' title="bbox 134 1081 1182 1145; baseline -0.005 -2"><span class='ocrx_word' id='word_1_77' title='bbox 134 1087 239 1145; x_wconf 83' lang='lat' dir='ltr'><strong>vitatis.</strong></span> <span class='ocrx_word' id='word_1_78' title='bbox 279 1081 387 1143; x_wconf 84' lang='lat' dir='ltr'><strong>Contra</strong></span> <span class='ocrx_word' id='word_1_79' title='bbox 406 1085 497 1143; x_wconf 92' lang='lat' dir='ltr'><strong>sinum</strong></span> <span class='ocrx_word' id='word_1_80' title='bbox 520 1081 667 1141; x_wconf 90' lang='lat' dir='ltr'><strong>Persicum</strong></span> <span class='ocrx_word' id='word_1_81' title='bbox 688 1081 784 1143; x_wconf 93' lang='lat' dir='ltr'><strong>Cerne</strong></span> <span class='ocrx_word' id='word_1_82' title='bbox 805 1083 1182 1145; x_wconf 87' lang='lat' dir='ltr'><strong>nominaturinsulaad·1o</strong></span> 
     </span>
     <span class='ocr_line' id='line_1_12' title="bbox 132 1166 1143 1245; baseline 0.002 -19"><span class='ocrx_word' id='word_1_83' title='bbox 132 1186 220 1228; x_wconf 83' lang='lat' dir='ltr'><strong>versa</strong></span> <span class='ocrx_word' id='word_1_84' title='bbox 234 1166 428 1244; x_wconf 81' lang='lat' dir='ltr'><strong>Aethiopiae,</strong></span> <span class='ocrx_word' id='word_1_85' title='bbox 451 1168 531 1224; x_wconf 90' lang='lat' dir='ltr'><strong>ouius</strong></span> <span class='ocrx_word' id='word_1_86' title='bbox 547 1183 642 1243; x_wconf 87' lang='lat' dir='ltr'><strong>neque</strong></span> <span class='ocrx_word' id='word_1_87' title='bbox 657 1167 822 1243; x_wconf 78' lang='lat' dir='ltr'><strong>magnitudo</strong></span> <span class='ocrx_word' id='word_1_88' title='bbox 841 1185 936 1245; x_wconf 87' lang='lat' dir='ltr'><strong>neque</strong></span> <span class='ocrx_word' id='word_1_89' title='bbox 956 1168 1143 1228; x_wconf 90' lang='lat' dir='ltr'><strong>intervallum</strong></span> 
     </span>
     <span class='ocr_line' id='line_1_13' title="bbox 133 1248 1143 1329; baseline 0.003 -20"><span class='ocrx_word' id='word_1_90' title='bbox 133 1270 148 1309; x_wconf 90' lang='lat' dir='ltr'><strong>a</strong></span> <span class='ocrx_word' id='word_1_91' title='bbox 163 1252 331 1310; x_wconf 90' lang='lat' dir='ltr'><strong>continente</strong></span> <span class='ocrx_word' id='word_1_92' title='bbox 347 1258 471 1309; x_wconf 91' lang='lat' dir='ltr'><strong>constat.</strong></span> <span class='ocrx_word' id='word_1_93' title='bbox 501 1248 664 1328; x_wconf 81' lang='lat' dir='ltr'><strong>Aethiopas</strong></span> <span class='ocrx_word' id='word_1_94' title='bbox 683 1258 789 1309; x_wconf 91' lang='lat' dir='ltr'><strong>tantum</strong></span> <span class='ocrx_word' id='word_1_95' title='bbox 806 1249 931 1329; x_wconf 86' lang='lat' dir='ltr'><strong>populos</strong></span> <span class='ocrx_word' id='word_1_96' title='bbox 947 1249 1057 1310; x_wconf 89' lang='lat' dir='ltr'><strong>habere</strong></span> <span class='ocrx_word' id='word_1_97' title='bbox 1076 1270 1143 1329; x_wconf 92' lang='lat' dir='ltr'><strong>pro·</strong></span> 
     </span>
    </p>

    <p class='ocr_par' dir='ltr' id='par_1_4' title="bbox 80 1331 1179 2081">
     <span class='ocr_line' id='line_1_14' title="bbox 80 1331 1143 1411; baseline -0.001 -15"><span class='ocrx_word' id='word_1_98' title='bbox 80 1334 229 1397; x_wconf 82' lang='lat' dir='ltr'><strong>tonditur.</strong></span> <span class='ocrx_word' id='word_1_99' title='bbox 259 1331 393 1410; x_wconf 85' lang='lat' dir='ltr'><strong>Ephorus</strong></span> <span class='ocrx_word' id='word_1_100' title='bbox 411 1342 511 1392; x_wconf 84' lang='lat' dir='ltr'><strong>auctor</strong></span> <span class='ocrx_word' id='word_1_101' title='bbox 529 1343 574 1392; x_wconf 88' lang='lat' dir='ltr'><strong>est</strong></span> <span class='ocrx_word' id='word_1_102' title='bbox 593 1351 608 1391; x_wconf 94' lang='lat' dir='ltr'><strong>a</strong></span> <span class='ocrx_word' id='word_1_103' title='bbox 631 1334 732 1393; x_wconf 90' lang='lat' dir='ltr'><strong>Rubro</strong></span> <span class='ocrx_word' id='word_1_104' title='bbox 753 1335 823 1395; x_wconf 88' lang='lat' dir='ltr'><strong>mari</strong></span> <span class='ocrx_word' id='word_1_105' title='bbox 842 1335 1013 1411; x_wconf 84' lang='lat' dir='ltr'><strong>navigantes</strong></span> <span class='ocrx_word' id='word_1_106' title='bbox 1029 1336 1058 1392; x_wconf 94' lang='lat' dir='ltr'><strong>in</strong></span> <span class='ocrx_word' id='word_1_107' title='bbox 1078 1354 1143 1395; x_wconf 92' lang='lat' dir='ltr'><strong>eam</strong></span> 
     </span>
     <span class='ocr_line' id='line_1_15' title="bbox 132 1416 1142 1498; baseline 0.001 -21"><span class='ocrx_word' id='word_1_108' title='bbox 132 1436 190 1477; x_wconf 92' lang='lat' dir='ltr'><strong>non</strong></span> <span class='ocrx_word' id='word_1_109' title='bbox 212 1435 302 1495; x_wconf 89' lang='lat' dir='ltr'><strong>posse</strong></span> <span class='ocrx_word' id='word_1_110' title='bbox 321 1425 443 1495; x_wconf 89' lang='lat' dir='ltr'><strong>propter</strong></span> <span class='ocrx_word' id='word_1_111' title='bbox 462 1416 582 1477; x_wconf 90' lang='lat' dir='ltr'><strong>ardores</strong></span> <span class='ocrx_word' id='word_1_112' title='bbox 600 1418 674 1477; x_wconf 89' lang='lat' dir='ltr'><strong>ultra</strong></span> <span class='ocrx_word' id='word_1_113' title='bbox 690 1418 825 1496; x_wconf 87' lang='lat' dir='ltr'><strong>quasdam</strong></span> <span class='ocrx_word' id='word_1_114' title='bbox 848 1418 993 1477; x_wconf 88' lang='lat' dir='ltr'><strong>columnas</strong></span> <span class='ocrx_word' id='word_1_115' title='bbox 1016 1418 1073 1494; x_wconf 88' lang='lat' dir='ltr'><strong>(ita</strong></span> <span class='ocrx_word' id='word_1_116' title='bbox 1091 1438 1142 1498; x_wconf 91' lang='lat' dir='ltr'><strong>ap·</strong></span> 
     </span>
     <span class='ocr_line' id='line_1_16' title="bbox 132 1499 1179 1580; baseline -0.003 -19"><span class='ocrx_word' id='word_1_117' title='bbox 132 1502 277 1580; x_wconf 89' lang='lat' dir='ltr'><strong>pellantur</strong></span> <span class='ocrx_word' id='word_1_118' title='bbox 291 1519 397 1578; x_wconf 87' lang='lat' dir='ltr'><strong>parvae</strong></span> <span class='ocrx_word' id='word_1_119' title='bbox 409 1499 536 1579; x_wconf 91' lang='lat' dir='ltr'><strong>insulae)</strong></span> <span class='ocrx_word' id='word_1_120' title='bbox 553 1500 685 1579; x_wconf 88' lang='lat' dir='ltr'><strong>provehi.</strong></span> <span class='ocrx_word' id='word_1_121' title='bbox 714 1500 853 1578; x_wconf 77' lang='lat' dir='ltr'><strong>Polybius</strong></span> <span class='ocrx_word' id='word_1_122' title='bbox 871 1503 900 1560; x_wconf 92' lang='lat' dir='ltr'><strong>in</strong></span> <span class='ocrx_word' id='word_1_123' title='bbox 917 1509 1046 1560; x_wconf 84' lang='lat' dir='ltr'><strong>extrema</strong></span> <span class='ocrx_word' id='word_1_124' title='bbox 1061 1501 1141 1561; x_wconf 86' lang='lat' dir='ltr'><strong>lllau·</strong></span> <span class='ocrx_word' id='word_1_125' title='bbox 1156 1519 1179 1558; x_wconf 82' lang='lat'><strong>15</strong></span> 
     </span>
     <span class='ocr_line' id='line_1_17' title="bbox 131 1583 1140 1646; baseline -0.001 0"><span class='ocrx_word' id='word_1_126' title='bbox 131 1586 243 1646; x_wconf 87' lang='lat' dir='ltr'><strong>retania</strong></span> <span class='ocrx_word' id='word_1_127' title='bbox 260 1594 359 1645; x_wconf 90' lang='lat' dir='ltr'><strong>contra</strong></span> <span class='ocrx_word' id='word_1_128' title='bbox 382 1593 506 1644; x_wconf 91' lang='lat' dir='ltr'><strong>montem</strong></span> <span class='ocrx_word' id='word_1_129' title='bbox 529 1585 676 1645; x_wconf 83' lang='lat' dir='ltr'><strong>Atlantem</strong></span> <span class='ocrx_word' id='word_1_130' title='bbox 698 1602 714 1643; x_wconf 91' lang='lat' dir='ltr'><strong>a</strong></span> <span class='ocrx_word' id='word_1_131' title='bbox 738 1594 814 1645; x_wconf 89' lang='lat' dir='ltr'><strong>terra</strong></span> <span class='ocrx_word' id='word_1_132' title='bbox 835 1583 925 1644; x_wconf 89' lang='lat' dir='ltr'><strong>stadia</strong></span> <span class='ocrx_word' id='word_1_133' title='bbox 941 1583 1009 1643; x_wconf 93' lang='lat' dir='ltr'><strong>Vlll</strong></span> <span class='ocrx_word' id='word_1_134' title='bbox 1030 1585 1140 1645; x_wconf 88' lang='lat' dir='ltr'><strong>abesse</strong></span> 
     </span>
     <span class='ocr_line' id='line_1_18' title="bbox 131 1666 1140 1746; baseline 0.001 -19"><span class='ocrx_word' id='word_1_135' title='bbox 131 1668 257 1746; x_wconf 88' lang='lat' dir='ltr'><strong>prodidit</strong></span> <span class='ocrx_word' id='word_1_136' title='bbox 281 1666 412 1743; x_wconf 83' lang='lat' dir='ltr'><strong>Cernen,</strong></span> <span class='ocrx_word' id='word_1_137' title='bbox 436 1667 537 1746; x_wconf 87' lang='lat' dir='ltr'><strong>Nepos</strong></span> <span class='ocrx_word' id='word_1_138' title='bbox 554 1666 707 1728; x_wconf 85' lang='lat' dir='ltr'><strong>Cornelius</strong></span> <span class='ocrx_word' id='word_1_139' title='bbox 728 1688 766 1728; x_wconf 84' lang='lat' dir='ltr'><strong>ex</strong></span> <span class='ocrx_word' id='word_1_140' title='bbox 785 1669 910 1729; x_wconf 86' lang='lat' dir='ltr'><strong>aduerso</strong></span> <span class='ocrx_word' id='word_1_141' title='bbox 926 1670 1047 1728; x_wconf 85' lang='lat' dir='ltr'><strong>maxime</strong></span> <span class='ocrx_word' id='word_1_142' title='bbox 1069 1667 1140 1728; x_wconf 88' lang='lat' dir='ltr'><strong>Car-</strong></span> 
     </span>
     <span class='ocr_line' id='line_1_19' title="bbox 131 1750 1138 1830; baseline 0.002 -20"><span class='ocrx_word' id='word_1_143' title='bbox 131 1751 291 1828; x_wconf 89' lang='lat' dir='ltr'><strong>thaginisa</strong></span> <span class='ocrx_word' id='word_1_144' title='bbox 314 1753 482 1811; x_wconf 83' lang='lat' dir='ltr'><strong>continente</strong></span> <span class='ocrx_word' id='word_1_145' title='bbox 505 1769 582 1830; x_wconf 89' lang='lat' dir='ltr'><strong>pass.</strong></span> <span class='ocrx_word' id='word_1_146' title='bbox 602 1751 647 1828; x_wconf 87' lang='lat' dir='ltr'><strong>ill,</strong></span> <span class='ocrx_word' id='word_1_147' title='bbox 670 1769 728 1811; x_wconf 91' lang='lat' dir='ltr'><strong>non</strong></span> <span class='ocrx_word' id='word_1_148' title='bbox 750 1752 919 1830; x_wconf 93' lang='lat' dir='ltr'><strong>ampliorem</strong></span> <span class='ocrx_word' id='word_1_149' title='bbox 933 1753 1053 1811; x_wconf 88' lang='lat' dir='ltr'><strong>circuitu</strong></span> <span class='ocrx_word' id='word_1_150' title='bbox 1067 1750 1138 1812; x_wconf 87' lang='lat' dir='ltr'><strong>lllbl.</strong></span> 
     </span>
     <span class='ocr_line' id='line_1_20' title="bbox 131 1835 1139 1913; baseline 0 -19"><span class='ocrx_word' id='word_1_151' title='bbox 131 1835 264 1896; x_wconf 85' lang='lat' dir='ltr'><strong>Traditur</strong></span> <span class='ocrx_word' id='word_1_152' title='bbox 283 1843 313 1896; x_wconf 90' lang='lat' dir='ltr'><strong>et</strong></span> <span class='ocrx_word' id='word_1_153' title='bbox 334 1835 389 1894; x_wconf 86' lang='lat' dir='ltr'><strong>ulia</strong></span> <span class='ocrx_word' id='word_1_154' title='bbox 404 1835 496 1895; x_wconf 91' lang='lat' dir='ltr'><strong>insula</strong></span> <span class='ocrx_word' id='word_1_155' title='bbox 513 1844 612 1895; x_wconf 91' lang='lat' dir='ltr'><strong>contra</strong></span> <span class='ocrx_word' id='word_1_156' title='bbox 634 1844 759 1896; x_wconf 92' lang='lat' dir='ltr'><strong>montem</strong></span> <span class='ocrx_word' id='word_1_157' title='bbox 775 1836 937 1912; x_wconf 86' lang='lat' dir='ltr'><strong>Atlantem,</strong></span> <span class='ocrx_word' id='word_1_158' title='bbox 963 1843 992 1894; x_wconf 94' lang='lat' dir='ltr'><strong>et</strong></span> <span class='ocrx_word' id='word_1_159' title='bbox 1007 1836 1071 1913; x_wconf 91' lang='lat' dir='ltr'><strong>ipsa</strong></span> <span class='ocrx_word' id='word_1_160' title='bbox 1088 1836 1139 1894; x_wconf 91' lang='lat' dir='ltr'><strong>At-</strong></span> 
     </span>
     <span class='ocr_line' id='line_1_21' title="bbox 130 1918 1176 1997; baseline -0.005 -18"><span class='ocrx_word' id='word_1_161' title='bbox 130 1920 215 1979; x_wconf 87' lang='lat' dir='ltr'><strong>lantis</strong></span> <span class='ocrx_word' id='word_1_162' title='bbox 232 1919 387 1997; x_wconf 87' lang='lat' dir='ltr'><strong>appellata.</strong></span> <span class='ocrx_word' id='word_1_163' title='bbox 419 1920 454 1978; x_wconf 87' lang='lat' dir='ltr'><strong>ab</strong></span> <span class='ocrx_word' id='word_1_164' title='bbox 472 1938 506 1979; x_wconf 91' lang='lat' dir='ltr'><strong>ea</strong></span> <span class='ocrx_word' id='word_1_165' title='bbox 522 1918 549 1976; x_wconf 87' lang='lat' dir='ltr'><strong>V</strong></span> <span class='ocrx_word' id='word_1_166' title='bbox 565 1919 675 1979; x_wconf 92' lang='lat' dir='ltr'><strong>dierum</strong></span> <span class='ocrx_word' id='word_1_167' title='bbox 690 1921 948 1997; x_wconf 84' lang='lat' dir='ltr'><strong>praenavigatione</strong></span> <span class='ocrx_word' id='word_1_168' title='bbox 964 1918 1138 1979; x_wconf 86' lang='lat' dir='ltr'><strong>solitudines</strong></span> <span class='ocrx_word' id='word_1_169' title='bbox 1152 1936 1176 1974; x_wconf 77' lang='lat' dir='ltr'><strong>ao</strong></span> 
     </span>
     <span class='ocr_line' id='line_1_22' title="bbox 131 2000 1139 2081; baseline -0.001 -19"><span class='ocrx_word' id='word_1_170' title='bbox 131 2003 165 2062; x_wconf 88' lang='lat' dir='ltr'><strong>ad</strong></span> <span class='ocrx_word' id='word_1_171' title='bbox 191 2002 352 2081; x_wconf 88' lang='lat' dir='ltr'><strong>Aethiopas</strong></span> <span class='ocrx_word' id='word_1_172' title='bbox 374 2002 536 2081; x_wconf 83' lang='lat' dir='ltr'><strong>llesperios</strong></span> <span class='ocrx_word' id='word_1_173' title='bbox 563 2012 593 2063; x_wconf 90' lang='lat' dir='ltr'><strong>et</strong></span> <span class='ocrx_word' id='word_1_174' title='bbox 619 2005 844 2080; x_wconf 90' lang='lat' dir='ltr'><strong>promunturium</strong></span> <span class='ocrx_word' id='word_1_175' title='bbox 868 2000 945 2081; x_wconf 89' lang='lat' dir='ltr'><strong>quod</strong></span> <span class='ocrx_word' id='word_1_176' title='bbox 972 2005 1139 2063; x_wconf 86' lang='lat' dir='ltr'><strong>vocavimns</strong></span> 
     </span>
    </p>

    <p class='ocr_par' dir='ltr' id='par_1_5' title="bbox 87 2085 1138 2164">
     <span class='ocr_line' id='line_1_23' title="bbox 87 2085 1138 2164; baseline 0.006 -25"><span class='ocrx_word' id='word_1_177' title='bbox 87 2106 121 2140; x_wconf 79' lang='lat' dir='ltr'><strong>nr</strong></span> <span class='ocrx_word' id='word_1_178' title='bbox 131 2085 264 2164; x_wconf 89' lang='lat' dir='ltr'><strong>Hesperu</strong></span> <span class='ocrx_word' id='word_1_179' title='bbox 278 2105 376 2160; x_wconf 86' lang='lat' dir='ltr'><strong>ceras,</strong></span> <span class='ocrx_word' id='word_1_180' title='bbox 393 2086 459 2145; x_wconf 91' lang='lat' dir='ltr'><strong>inde</strong></span> <span class='ocrx_word' id='word_1_181' title='bbox 473 2087 591 2163; x_wconf 93' lang='lat' dir='ltr'><strong>primum</strong></span> <span class='ocrx_word' id='word_1_182' title='bbox 604 2088 818 2163; x_wconf 85' lang='lat' dir='ltr'><strong>circumagente</strong></span> <span class='ocrx_word' id='word_1_183' title='bbox 834 2106 867 2146; x_wconf 91' lang='lat' dir='ltr'><strong>se</strong></span> <span class='ocrx_word' id='word_1_184' title='bbox 884 2095 1026 2146; x_wconf 90' lang='lat' dir='ltr'><strong>terrarum</strong></span> <span class='ocrx_word' id='word_1_185' title='bbox 1041 2087 1138 2146; x_wconf 88' lang='lat' dir='ltr'><strong>fronte</strong></span> 
     </span>
    </p>

    <p class='ocr_par' dir='ltr' id='par_1_6' title="bbox 75 2168 1175 2749">
     <span class='ocr_line' id='line_1_24' title="bbox 75 2168 1137 2247; baseline -0.006 -15"><span class='ocrx_word' id='word_1_186' title='bbox 75 2172 170 2232; x_wconf 76' lang='lat' dir='ltr'><strong>200in</strong></span> <span class='ocrx_word' id='word_1_187' title='bbox 195 2186 327 2228; x_wconf 86' lang='lat' dir='ltr'><strong>oceasum</strong></span> <span class='ocrx_word' id='word_1_188' title='bbox 347 2187 381 2228; x_wconf 91' lang='lat' dir='ltr'><strong>ac</strong></span> <span class='ocrx_word' id='word_1_189' title='bbox 402 2186 480 2228; x_wconf 91' lang='lat' dir='ltr'><strong>mare</strong></span> <span class='ocrx_word' id='word_1_190' title='bbox 504 2168 689 2229; x_wconf 89' lang='lat' dir='ltr'><strong>Atlanticum.</strong></span> <span class='ocrx_word' id='word_1_191' title='bbox 727 2168 835 2229; x_wconf 83' lang='lat' dir='ltr'><strong>Contra</strong></span> <span class='ocrx_word' id='word_1_192' title='bbox 857 2170 914 2229; x_wconf 88' lang='lat' dir='ltr'><strong>hoc</strong></span> <span class='ocrx_word' id='word_1_193' title='bbox 934 2186 1048 2247; x_wconf 86' lang='lat' dir='ltr'><strong>quoque</strong></span> <span class='ocrx_word' id='word_1_194' title='bbox 1070 2185 1137 2245; x_wconf 92' lang='lat' dir='ltr'><strong>pro·</strong></span> 
     </span>
     <span class='ocr_line' id='line_1_25' title="bbox 131 2251 1136 2330; baseline -0.002 -18"><span class='ocrx_word' id='word_1_195' title='bbox 131 2253 300 2312; x_wconf 91' lang='lat' dir='ltr'><strong>munturium</strong></span> <span class='ocrx_word' id='word_1_196' title='bbox 321 2251 472 2328; x_wconf 85' lang='lat' dir='ltr'><strong>Gorgades</strong></span> <span class='ocrx_word' id='word_1_197' title='bbox 493 2251 605 2311; x_wconf 90' lang='lat' dir='ltr'><strong>insulae</strong></span> <span class='ocrx_word' id='word_1_198' title='bbox 623 2261 788 2330; x_wconf 89' lang='lat' dir='ltr'><strong>narrantur,</strong></span> <span class='ocrx_word' id='word_1_199' title='bbox 810 2253 977 2330; x_wconf 87' lang='lat' dir='ltr'><strong>Gorgonum</strong></span> <span class='ocrx_word' id='word_1_200' title='bbox 995 2251 1136 2330; x_wconf 87' lang='lat' dir='ltr'><strong>quondam</strong></span> 
     </span>
     <span class='ocr_line' id='line_1_26' title="bbox 131 2335 1175 2413; baseline -0.007 -16"><span class='ocrx_word' id='word_1_201' title='bbox 131 2337 268 2412; x_wconf 92' lang='lat' dir='ltr'><strong>domuus,</strong></span> <span class='ocrx_word' id='word_1_202' title='bbox 287 2335 365 2396; x_wconf 92' lang='lat' dir='ltr'><strong>bidui</strong></span> <span class='ocrx_word' id='word_1_203' title='bbox 388 2337 573 2413; x_wconf 87' lang='lat' dir='ltr'><strong>navigatione</strong></span> <span class='ocrx_word' id='word_1_204' title='bbox 592 2335 732 2396; x_wconf 91' lang='lat' dir='ltr'><strong>distantes</strong></span> <span class='ocrx_word' id='word_1_205' title='bbox 754 2355 770 2396; x_wconf 90' lang='lat' dir='ltr'><strong>a</strong></span> <span class='ocrx_word' id='word_1_206' title='bbox 791 2339 977 2412; x_wconf 87' lang='lat' dir='ltr'><strong>continente,</strong></span> <span class='ocrx_word' id='word_1_207' title='bbox 998 2344 1029 2393; x_wconf 92' lang='lat' dir='ltr'><strong>ut</strong></span> <span class='ocrx_word' id='word_1_208' title='bbox 1050 2335 1137 2395; x_wconf 91' lang='lat' dir='ltr'><strong>tradit</strong></span> <span class='ocrx_word' id='word_1_209' title='bbox 1151 2351 1175 2391; x_wconf 78' lang='lat' dir='ltr'><strong>aa</strong></span> 
     </span>
     <span class='ocr_line' id='line_1_27' title="bbox 130 2418 1139 2498; baseline -0.003 -18"><span class='ocrx_word' id='word_1_210' title='bbox 130 2419 294 2498; x_wconf 91' lang='lat' dir='ltr'><strong>Xenophon</strong></span> <span class='ocrx_word' id='word_1_211' title='bbox 310 2420 529 2497; x_wconf 88' lang='lat' dir='ltr'><strong>Lampsacenus.</strong></span> <span class='ocrx_word' id='word_1_212' title='bbox 561 2424 725 2497; x_wconf 86' lang='lat' dir='ltr'><strong>penetravit</strong></span> <span class='ocrx_word' id='word_1_213' title='bbox 739 2422 768 2479; x_wconf 89' lang='lat' dir='ltr'><strong>in</strong></span> <span class='ocrx_word' id='word_1_214' title='bbox 789 2439 838 2480; x_wconf 90' lang='lat' dir='ltr'><strong>eas</strong></span> <span class='ocrx_word' id='word_1_215' title='bbox 853 2420 953 2479; x_wconf 88' lang='lat' dir='ltr'><strong>Hanno</strong></span> <span class='ocrx_word' id='word_1_216' title='bbox 972 2418 1139 2478; x_wconf 89' lang='lat' dir='ltr'><strong>Poenorum</strong></span> 
     </span>
     <span class='ocr_line' id='line_1_28' title="bbox 129 2502 1139 2582; baseline -0.001 -19"><span class='ocrx_word' id='word_1_217' title='bbox 129 2506 288 2582; x_wconf 87' lang='lat' dir='ltr'><strong>imperator</strong></span> <span class='ocrx_word' id='word_1_218' title='bbox 304 2503 488 2582; x_wconf 89' lang='lat' dir='ltr'><strong>prodiditque</strong></span> <span class='ocrx_word' id='word_1_219' title='bbox 502 2502 576 2563; x_wconf 90' lang='lat' dir='ltr'><strong>hirta</strong></span> <span class='ocrx_word' id='word_1_220' title='bbox 597 2505 763 2564; x_wconf 90' lang='lat' dir='ltr'><strong>leminarum</strong></span> <span class='ocrx_word' id='word_1_221' title='bbox 780 2521 923 2581; x_wconf 90' lang='lat' dir='ltr'><strong>corpora,</strong></span> <span class='ocrx_word' id='word_1_222' title='bbox 938 2504 1018 2562; x_wconf 83' lang='lat' dir='ltr'><strong>viros</strong></span> <span class='ocrx_word' id='word_1_223' title='bbox 1040 2504 1139 2580; x_wconf 92' lang='lat' dir='ltr'><strong>perni-</strong></span> 
     </span>
     <span class='ocr_line' id='line_1_29' title="bbox 130 2585 1138 2665; baseline -0.003 -16"><span class='ocrx_word' id='word_1_224' title='bbox 130 2591 218 2649; x_wconf 89' lang='lat' dir='ltr'><strong>citate</strong></span> <span class='ocrx_word' id='word_1_225' title='bbox 244 2590 392 2664; x_wconf 89' lang='lat' dir='ltr'><strong>evasisse,</strong></span> <span class='ocrx_word' id='word_1_226' title='bbox 420 2587 595 2665; x_wconf 89' lang='lat' dir='ltr'><strong>duarumque</strong></span> <span class='ocrx_word' id='word_1_227' title='bbox 622 2585 784 2664; x_wconf 86' lang='lat' dir='ltr'><strong>Gorgadum</strong></span> <span class='ocrx_word' id='word_1_228' title='bbox 808 2597 889 2646; x_wconf 93' lang='lat' dir='ltr'><strong>cutes</strong></span> <span class='ocrx_word' id='word_1_229' title='bbox 917 2588 1077 2663; x_wconf 87' lang='lat' dir='ltr'><strong>argumenti</strong></span> <span class='ocrx_word' id='word_1_230' title='bbox 1108 2595 1138 2646; x_wconf 88' lang='lat' dir='ltr'><strong>et</strong></span> 
     </span>
     <span class='ocr_line' id='line_1_30' title="bbox 128 2668 1138 2749; baseline 0 -20"><span class='ocrx_word' id='word_1_231' title='bbox 128 2670 256 2730; x_wconf 89' lang='lat' dir='ltr'><strong>miraculi</strong></span> <span class='ocrx_word' id='word_1_232' title='bbox 277 2673 370 2747; x_wconf 89' lang='lat' dir='ltr'><strong>gratia</strong></span> <span class='ocrx_word' id='word_1_233' title='bbox 392 2673 420 2730; x_wconf 93' lang='lat' dir='ltr'><strong>in</strong></span> <span class='ocrx_word' id='word_1_234' title='bbox 440 2670 557 2729; x_wconf 89' lang='lat' dir='ltr'><strong>lunonis</strong></span> <span class='ocrx_word' id='word_1_235' title='bbox 580 2671 689 2748; x_wconf 92' lang='lat' dir='ltr'><strong>templo</strong></span> <span class='ocrx_word' id='word_1_236' title='bbox 709 2673 807 2748; x_wconf 90' lang='lat' dir='ltr'><strong>posuit</strong></span> <span class='ocrx_word' id='word_1_237' title='bbox 823 2679 970 2749; x_wconf 88' lang='lat' dir='ltr'><strong>spectatas</strong></span> <span class='ocrx_word' id='word_1_238' title='bbox 987 2687 1079 2747; x_wconf 86' lang='lat' dir='ltr'><strong>usque</strong></span> <span class='ocrx_word' id='word_1_239' title='bbox 1102 2668 1138 2729; x_wconf 92' lang='lat' dir='ltr'><strong>ad</strong></span> 
     </span>
    </p>

    <p class='ocr_par' dir='ltr' id='par_1_7' title="bbox 74 2751 1175 3082">
     <span class='ocr_line' id='line_1_31' title="bbox 74 2751 1175 2832; baseline -0.006 -16"><span class='ocrx_word' id='word_1_240' title='bbox 74 2764 125 2816; x_wconf 74' lang='lat' dir='ltr'><strong>aot</strong></span> <span class='ocrx_word' id='word_1_241' title='bbox 141 2752 344 2830; x_wconf 84' lang='lat' dir='ltr'><strong>Carthaginem</strong></span> <span class='ocrx_word' id='word_1_242' title='bbox 358 2763 477 2832; x_wconf 78' lang='lat' dir='ltr'><strong>captam,</strong></span> <span class='ocrx_word' id='word_1_243' title='bbox 514 2752 596 2812; x_wconf 89' lang='lat' dir='ltr'><strong>Ultra</strong></span> <span class='ocrx_word' id='word_1_244' title='bbox 616 2754 667 2813; x_wconf 87' lang='lat' dir='ltr'><strong>has</strong></span> <span class='ocrx_word' id='word_1_245' title='bbox 685 2756 838 2813; x_wconf 91' lang='lat' dir='ltr'><strong>etiamnum</strong></span> <span class='ocrx_word' id='word_1_246' title='bbox 855 2754 926 2814; x_wconf 91' lang='lat' dir='ltr'><strong>duae</strong></span> <span class='ocrx_word' id='word_1_247' title='bbox 942 2751 1138 2831; x_wconf 88' lang='lat' dir='ltr'><strong>Hesperidum</strong></span> <span class='ocrx_word' id='word_1_248' title='bbox 1151 2771 1175 2809; x_wconf 81' lang='lat' dir='ltr'><strong>ao</strong></span> 
     </span>
     <span class='ocr_line' id='line_1_32' title="bbox 128 2835 1137 2913; baseline -0.001 -16"><span class='ocrx_word' id='word_1_249' title='bbox 128 2838 239 2898; x_wconf 87' lang='lat' dir='ltr'><strong>insrrlae</strong></span> <span class='ocrx_word' id='word_1_250' title='bbox 259 2846 424 2913; x_wconf 88' lang='lat' dir='ltr'><strong>narrantur,</strong></span> <span class='ocrx_word' id='word_1_251' title='bbox 447 2835 578 2913; x_wconf 87' lang='lat' dir='ltr'><strong>adeoque</strong></span> <span class='ocrx_word' id='word_1_252' title='bbox 600 2840 692 2896; x_wconf 88' lang='lat' dir='ltr'><strong>omnia</strong></span> <span class='ocrx_word' id='word_1_253' title='bbox 712 2838 788 2897; x_wconf 88' lang='lat' dir='ltr'><strong>circa</strong></span> <span class='ocrx_word' id='word_1_254' title='bbox 809 2838 865 2898; x_wconf 88' lang='lat' dir='ltr'><strong>hoc</strong></span> <span class='ocrx_word' id='word_1_255' title='bbox 888 2839 998 2896; x_wconf 90' lang='lat' dir='ltr'><strong>incerta</strong></span> <span class='ocrx_word' id='word_1_256' title='bbox 1020 2845 1086 2895; x_wconf 90' lang='lat' dir='ltr'><strong>sunt</strong></span> <span class='ocrx_word' id='word_1_257' title='bbox 1106 2846 1137 2896; x_wconf 91' lang='lat' dir='ltr'><strong>nt</strong></span> 
     </span>
     <span class='ocr_line' id='line_1_33' title="bbox 128 2918 1136 2998; baseline -0.002 -17"><span class='ocrx_word' id='word_1_258' title='bbox 128 2923 235 2981; x_wconf 89' lang='lat' dir='ltr'><strong>Statius</strong></span> <span class='ocrx_word' id='word_1_259' title='bbox 253 2921 383 2981; x_wconf 88' lang='lat' dir='ltr'><strong>Sebosus</strong></span> <span class='ocrx_word' id='word_1_260' title='bbox 401 2939 417 2980; x_wconf 91' lang='lat' dir='ltr'><strong>a</strong></span> <span class='ocrx_word' id='word_1_261' title='bbox 432 2918 598 2996; x_wconf 88' lang='lat' dir='ltr'><strong>Gorgonum</strong></span> <span class='ocrx_word' id='word_1_262' title='bbox 616 2921 717 2980; x_wconf 91' lang='lat' dir='ltr'><strong>insulis</strong></span> <span class='ocrx_word' id='word_1_263' title='bbox 734 2922 992 2998; x_wconf 86' lang='lat' dir='ltr'><strong>praenavigatione</strong></span> <span class='ocrx_word' id='word_1_264' title='bbox 1008 2920 1136 2980; x_wconf 91' lang='lat' dir='ltr'><strong>Atlantis</strong></span> 
     </span>
     <span class='ocr_line' id='line_1_34' title="bbox 128 3003 1137 3082; baseline -0.002 -17"><span class='ocrx_word' id='word_1_265' title='bbox 128 3007 236 3066; x_wconf 90' lang='lat' dir='ltr'><strong>dierum</strong></span> <span class='ocrx_word' id='word_1_266' title='bbox 253 3005 301 3064; x_wconf 69' lang='lat' dir='ltr'><strong>Xlr</strong></span> <span class='ocrx_word' id='word_1_267' title='bbox 317 3005 351 3065; x_wconf 90' lang='lat' dir='ltr'><strong>ad</strong></span> <span class='ocrx_word' id='word_1_268' title='bbox 367 3003 558 3082; x_wconf 87' lang='lat' dir='ltr'><strong>llesperidum</strong></span> <span class='ocrx_word' id='word_1_269' title='bbox 570 3004 677 3064; x_wconf 85' lang='lat' dir='ltr'><strong>insulas</strong></span> <span class='ocrx_word' id='word_1_270' title='bbox 691 3023 804 3065; x_wconf 88' lang='lat' dir='ltr'><strong>cursum</strong></span> <span class='ocrx_word' id='word_1_271' title='bbox 816 3005 989 3082; x_wconf 86' lang='lat' dir='ltr'><strong>prodiderit,</strong></span> <span class='ocrx_word' id='word_1_272' title='bbox 1001 3003 1037 3062; x_wconf 88' lang='lat' dir='ltr'><strong>ab</strong></span> <span class='ocrx_word' id='word_1_273' title='bbox 1052 3005 1087 3062; x_wconf 91' lang='lat' dir='ltr'><strong>iis</strong></span> <span class='ocrx_word' id='word_1_274' title='bbox 1101 3004 1137 3063; x_wconf 87' lang='lat' dir='ltr'><strong>ad</strong></span> 
     </span>
    </p>
   </div>
   <div class='ocr_carea' id='block_1_3' title="bbox 74 3087 1173 3503">
    <p class='ocr_par' dir='ltr' id='par_1_8' title="bbox 74 3087 1173 3503">
     <span class='ocr_line' id='line_1_35' title="bbox 127 3087 1136 3168; baseline -0.004 -19"><span class='ocrx_word' id='word_1_275' title='bbox 127 3090 260 3168; x_wconf 89' lang='lat' dir='ltr'><strong>Hesperu</strong></span> <span class='ocrx_word' id='word_1_276' title='bbox 278 3108 360 3148; x_wconf 89' lang='lat' dir='ltr'><strong>ceras</strong></span> <span class='ocrx_word' id='word_1_277' title='bbox 373 3091 463 3149; x_wconf 85' lang='lat' dir='ltr'><strong>unius.</strong></span> <span class='ocrx_word' id='word_1_278' title='bbox 490 3106 544 3148; x_wconf 90' lang='lat' dir='ltr'><strong>nec</strong></span> <span class='ocrx_word' id='word_1_279' title='bbox 556 3087 752 3148; x_wconf 87' lang='lat' dir='ltr'><strong>lllauretaniae</strong></span> <span class='ocrx_word' id='word_1_280' title='bbox 768 3089 922 3148; x_wconf 91' lang='lat' dir='ltr'><strong>insularum</strong></span> <span class='ocrx_word' id='word_1_281' title='bbox 940 3088 1050 3146; x_wconf 90' lang='lat' dir='ltr'><strong>certior</strong></span> <span class='ocrx_word' id='word_1_282' title='bbox 1061 3088 1136 3146; x_wconf 88' lang='lat' dir='ltr'><strong>lama</strong></span> 
     </span>
     <span class='ocr_line' id='line_1_36' title="bbox 127 3170 1173 3251; baseline -0.006 -19"><span class='ocrx_word' id='word_1_283' title='bbox 127 3183 183 3233; x_wconf 91' lang='lat' dir='ltr'><strong>est.</strong></span> <span class='ocrx_word' id='word_1_284' title='bbox 216 3191 321 3251; x_wconf 87' lang='lat' dir='ltr'><strong>paucas</strong></span> <span class='ocrx_word' id='word_1_285' title='bbox 337 3174 422 3233; x_wconf 93' lang='lat' dir='ltr'><strong>modo</strong></span> <span class='ocrx_word' id='word_1_286' title='bbox 440 3179 553 3232; x_wconf 90' lang='lat' dir='ltr'><strong>constat</strong></span> <span class='ocrx_word' id='word_1_287' title='bbox 569 3190 637 3231; x_wconf 90' lang='lat' dir='ltr'><strong>esse</strong></span> <span class='ocrx_word' id='word_1_288' title='bbox 654 3191 693 3231; x_wconf 85' lang='lat' dir='ltr'><strong>ex</strong></span> <span class='ocrx_word' id='word_1_289' title='bbox 709 3172 834 3232; x_wconf 87' lang='lat' dir='ltr'><strong>adverso</strong></span> <span class='ocrx_word' id='word_1_290' title='bbox 851 3170 1048 3231; x_wconf 89' lang='lat' dir='ltr'><strong>Autololuma</strong></span> <span class='ocrx_word' id='word_1_291' title='bbox 1064 3170 1136 3230; x_wconf 88' lang='lat' dir='ltr'><strong>luba</strong></span> <span class='ocrx_word' id='word_1_292' title='bbox 1148 3189 1173 3227; x_wconf 78' lang='lat' dir='ltr'><strong>en</strong></span> 
     </span>
     <span class='ocr_line' id='line_1_37' title="bbox 126 3255 1132 3335; baseline -0.002 -19"><span class='ocrx_word' id='word_1_293' title='bbox 126 3266 259 3335; x_wconf 88' lang='lat' dir='ltr'><strong>repertas</strong></span> <span class='ocrx_word' id='word_1_294' title='bbox 267 3300 276 3333; x_wconf 89' lang='lat'><strong>,</strong></span> <span class='ocrx_word' id='word_1_295' title='bbox 293 3258 321 3314; x_wconf 91' lang='lat' dir='ltr'><strong>in</strong></span> <span class='ocrx_word' id='word_1_296' title='bbox 337 3258 440 3334; x_wconf 88' lang='lat' dir='ltr'><strong>quibus</strong></span> <span class='ocrx_word' id='word_1_297' title='bbox 452 3255 628 3315; x_wconf 86' lang='lat' dir='ltr'><strong>Gaetulicam</strong></span> <span class='ocrx_word' id='word_1_298' title='bbox 640 3273 794 3334; x_wconf 88' lang='lat' dir='ltr'><strong>purpuram</strong></span> <span class='ocrx_word' id='word_1_299' title='bbox 810 3258 945 3332; x_wconf 87' lang='lat' dir='ltr'><strong>tinguere</strong></span> <span class='ocrx_word' id='word_1_300' title='bbox 958 3255 1132 3314; x_wconf 89' lang='lat' dir='ltr'><strong>instituerat.</strong></span> 
     </span>
     <span class='ocr_line' id='line_1_38' title="bbox 74 3337 1133 3419; baseline -0.006 -18"><span class='ocrx_word' id='word_1_301' title='bbox 74 3349 125 3401; x_wconf 67' lang='lat'><strong>²02</strong></span> <span class='ocrx_word' id='word_1_302' title='bbox 198 3338 250 3402; x_wconf 81' lang='lat'><strong>32.</strong></span> <span class='ocrx_word' id='word_1_303' title='bbox 268 3339 350 3419; x_wconf 77' lang='lat'>(37.)</span> <span class='ocrx_word' id='word_1_304' title='bbox 367 3341 438 3401; x_wconf 92' lang='lat' dir='ltr'><strong>Sunt</strong></span> <span class='ocrx_word' id='word_1_305' title='bbox 453 3343 500 3419; x_wconf 90' lang='lat' dir='ltr'><strong>qui</strong></span> <span class='ocrx_word' id='word_1_306' title='bbox 516 3337 589 3398; x_wconf 92' lang='lat' dir='ltr'><strong>ultra</strong></span> <span class='ocrx_word' id='word_1_307' title='bbox 604 3358 654 3399; x_wconf 88' lang='lat' dir='ltr'><strong>eas</strong></span> <span class='ocrx_word' id='word_1_308' title='bbox 667 3339 839 3398; x_wconf 83' lang='lat' dir='ltr'><strong>Fortunatas</strong></span> <span class='ocrx_word' id='word_1_309' title='bbox 853 3347 952 3417; x_wconf 90' lang='lat' dir='ltr'><strong>putant</strong></span> <span class='ocrx_word' id='word_1_310' title='bbox 969 3356 1036 3398; x_wconf 92' lang='lat' dir='ltr'><strong>esse</strong></span> <span class='ocrx_word' id='word_1_311' title='bbox 1050 3356 1133 3415; x_wconf 88' lang='lat' dir='ltr'><strong>quas-</strong></span> 
     </span>
     <span class='ocr_line' id='line_1_39' title="bbox 126 3421 1143 3503; baseline -0.001 -22"><span class='ocrx_word' id='word_1_312' title='bbox 126 3423 245 3502; x_wconf 88' lang='lat' dir='ltr'><strong>damque</strong></span> <span class='ocrx_word' id='word_1_313' title='bbox 273 3424 360 3501; x_wconf 88' lang='lat' dir='ltr'><strong>alias,</strong></span> <span class='ocrx_word' id='word_1_314' title='bbox 387 3443 504 3503; x_wconf 88' lang='lat' dir='ltr'><strong>quarum</strong></span> <span class='ocrx_word' id='word_1_315' title='bbox 527 3440 645 3483; x_wconf 91' lang='lat' dir='ltr'><strong>numero</strong></span> <span class='ocrx_word' id='word_1_316' title='bbox 671 3422 745 3482; x_wconf 88' lang='lat' dir='ltr'><strong>idern</strong></span> <span class='ocrx_word' id='word_1_317' title='bbox 768 3421 897 3485; x_wconf 87' lang='lat' dir='ltr'><strong>Sebosus</strong></span> <span class='ocrx_word' id='word_1_318' title='bbox 926 3424 1011 3482; x_wconf 86' lang='lat' dir='ltr'><strong>etiam</strong></span> <span class='ocrx_word' id='word_1_319' title='bbox 1039 3424 1143 3499; x_wconf 70' lang='lat' dir='ltr'><strong>spatia,</strong></span> 
     </span>
    </p>
   </div>
   <div class='ocr_carea' id='block_1_4' title="bbox 0 0 1204 3856">
    <p class='ocr_par' dir='ltr' id='par_1_9' title="bbox 0 0 1204 3856">
     <span class='ocr_line' id='line_1_40' title="bbox 0 0 1204 3856; baseline 0 4"><span class='ocrx_word' id='word_1_320' title='bbox 0 0 1204 3856; x_wconf 95' lang='lat' dir='ltr'><strong> </strong></span> 
     </span>
    </p>
   </div>
  </div>
 </body>
</html>
