2400 3856
339 168 608 217 nnu.111su.111.
632 162 717 219 3-4.
742 152 846 234 (4-5.)
1038 148 1098 214 129

89 333 121 384 et
140 320 289 382 Cantabri.
312 317 357 388 [n]
372 322 531 400 Iunguntur
545 323 582 383 iis
597 322 735 382 Asturum
751 321 834 383 XXII
849 321 948 401 populi
965 320 1049 382 diuisi
1066 322 1142 380 inus

93 406 284 484 Augustanos
302 414 331 466 et
346 406 608 482 Transmontanos,
627 405 761 467 Asturica
779 408 852 467 urbe
872 407 1031 484 magnilica.
1069 406 1098 465 in

89 490 134 550 bis
151 498 217 548 sunt
232 487 360 567 Gigurri,
371 489 497 564 Paesici,
508 488 697 567 Lancienses,
709 489 828 551 Zoelae.
857 509 992 550 numerus
1007 491 1099 550 omnis

91 571 279 633 multitudiuis
301 573 336 633 ad
361 571 460 632 CCXL
484 571 513 632 Μ
537 572 697 634 liberorum
717 577 850 652 capitum.
893 571 938 640 [s]
958 573 1100 635 Lucensis

68 665 251 719 sconueutus
270 656 445 735 populorum
460 665 505 716 est
520 653 590 716 XVI
613 666 732 736 praeter
749 656 879 719 Celticos
903 667 935 735 et
953 658 1100 722 Lemauos

91 741 262 817 ignobilium
287 759 321 799 ac
342 740 484 801 barbarae
499 740 717 819 appellationis,
727 742 780 802 sed
795 742 955 803 liberorum
976 743 1102 818 capitum

92 827 185 883 terme
206 821 323 884 CLXVI
338 823 377 884 Μ.
402 820 447 892 [t]
464 823 555 884 Simili
569 824 657 885 modo
670 824 825 886 Bracarum
839 825 952 886 XXIIII
967 827 1103 884 ciuitates

94 904 280 968 CCLXXXV
295 906 325 966 Μ
341 910 481 986 capitum,
501 927 539 970 ex
554 909 658 987 quibus
671 919 789 989 praeter
806 911 888 989 ipsos
900 908 1042 969 Bracaros
1052 906 1101 967 Bi·

93 990 175 1068 balli‚
192 988 349 1068 Coelerni,
369 989 512 1070 Callaeci,
528 991 675 1071 Equaesi,
693 992 809 1071 Limici,
826 991 1010 1072 Quarquerni
1030 994 1101 1052 citra

58 1097 83 1137 so
93 1074 237 1135 fastidium
253 1077 446 1137 nominentur.
479 1075 645 1155 Longitudo
666 1079 813 1139 citerioris
828 1077 986 1157 Hispaniae
1005 1084 1050 1137 est
1065 1073 1146 1135 adab

93 1161 178 1220 linem
197 1156 364 1220 Castulonis
380 1178 396 1220 a
410 1159 565 1237 Pyrenaeo
580 1171 720 1223 sexcenta
735 1171 850 1242 septem
864 1161 894 1222 Μ
909 1181 987 1242 pass.
1004 1169 1034 1221 et
1051 1177 1103 1220 ora

92 1243 181 1322 paulo
194 1242 328 1319 amplius,
338 1243 459 1304 latitudo
472 1244 661 1306 a'Iarraoone
673 1247 708 1306 ad
719 1246 787 1306 litus
799 1246 951 1307 Olarsonis
960 1242 1102 1320 CCCVII,

96 1347 112 1386 e
128 1326 274 1386 radicibus
287 1324 448 1404 Pyrenaei,
464 1329 512 1388 ubi
530 1338 670 1390 cuneatur
685 1332 826 1406 angustiis
839 1333 916 1390 Inter
931 1330 988 1390 duro
1004 1330 1103 1389 maria.

95 1410 232 1489 paulatim
248 1408 354 1469 deiude
372 1428 406 1470 se
421 1410 570 1489 pandens,
588 1431 644 1490 qua
658 1415 800 1490 contingit
816 1413 987 1474 ulteriorem
1002 1413 1103 1490 Hispa·

60 1496 180 1571 reniam,
197 1492 363 1554 tantundem
378 1494 544 1573 etamplius
562 1495 704 1555 latitudini
727 1495 819 1556 adicit.
848 1494 974 1556 bletallis
993 1496 1100 1574 plumbi
1111 1501 1147 1551 30

95 1579 167 1638 ferri
183 1577 260 1637 aeris
279 1579 394 1655 argenti
411 1582 471 1638 auri
489 1586 550 1639 tota
565 1581 657 1640 ferme
670 1579 808 1658 HIspania
820 1588 925 1656 scatet,
938 1581 1059 1640 citerior
1074 1586 1104 1636 et

96 1661 259 1740 specularis
276 1662 392 1740 lapidis,
408 1662 526 1723 Baetica
542 1672 573 1723 et
587 1664 686 1725 minio.
720 1672 785 1723 sunt
801 1673 831 1724 et
846 1681 1018 1723 marmorum
1034 1663 1105 1740 lapi·

96 1746 219 1822 cidinae.
266 1744 429 1807 Uniuersae
444 1746 600 1826 Hispaniae
618 1745 817 1825 Vespasianus
832 1750 992 1826 imperator
1007 1747 1106 1823 Augu·

99 1837 160 1889 stus
176 1831 310 1889 iactatum
327 1831 465 1909 procellis
481 1830 675 1909 reipublicae
691 1828 801 1889 Latium
818 1832 928 1890 tribuit.
961 1829 1104 1907 Pyrenaei

63 1935 89 1974 ao
99 1921 212 1973 montes
225 1913 376 1992 Hispanias
391 1913 556 1993 Galliasque
573 1913 772 1974 disterminant
784 1916 990 1993 promunturiis
1006 1916 1035 1973 in
1047 1913 1103 1972 duo

99 1998 215 2058 diuersa
234 1999 322 2057 maria
339 1999 489 2076 proiectis.

161 2079 189 2143 4.
206 2080 268 2160 (5.)
283 2080 484 2143 Narbonensis
503 2084 655 2162 prouincia
674 2083 836 2163 appellatur
859 2103 926 2163 pars
948 2082 1102 2145 Galliarum
1113 2088 1147 2142 31

99 2185 172 2246 quae
190 2169 304 2226 interno
321 2169 391 2228 mari
412 2167 552 2245 adluitur,
566 2166 687 2239 Bracata
712 2177 796 2228 antea
818 2169 910 2246 dicta,
929 2188 1011 2229 amne
1026 2166 1105 2228 Varo

100 2252 134 2311 ab
153 2250 235 2309 Italia
257 2249 384 2351 discrepo
399 2252 570 2330 Alpiumque
586 2251 634 2312 uel
656 2251 854 2325 salubeqrimis
870 2251 1000 2313 Romano
1016 2256 1106 2330 impe·

65 2355 91 2394 aa
100 2337 144 2392 rio
162 2335 257 2410 iugis,
271 2351 287 2391 a
301 2335 415 2413 requua
429 2353 502 2394 uero
515 2333 607 2397 Gallia
619 2334 712 2395 latere
726 2337 948 2414 septentrionali
960 2336 1106 2396 montibus

101 2415 237 2476 Cebenna
254 2425 284 2476 et
300 2416 426 2493 Iuribus,
440 2435 576 2494 agrorum
591 2417 819 2494 cultu,uirorum
830 2436 997 2496 morumque
1010 2419 1108 2495 digna·

100 2501 193 2575 tione,
209 2499 395 2576 amplitudine
412 2517 498 2578 opum
518 2499 589 2559 nulli
604 2502 818 2577 prouInoiarum
835 2500 1023 2579 postferenda
1042 2501 1108 2559 bre·

100 2586 236 2661 vitesque
249 2582 331 2642 Italia
343 2584 440 2643 uerius
458 2601 541 2662 quam
555 2585 712 2662 pr‘ouinoia.
735 2583 768 2643 ln
781 2601 832 2643 ora
848 2586 931 2662 regio
945 2583 1108 2644 Sordonum
1117 2589 1151 2643 ab

102 2670 236 2746 intusque
256 2665 523 2745 Consuaranorum,
541 2667 655 2728 llumIna
670 2667 788 2744 Tetum,
806 2666 1040 2744 Vernodubrum,
1053 2685 1108 2746 op-

66 2752 167 2829 aopida
193 2750 368 2812 Bliseberae
394 2769 516 2829 magnae
545 2752 687 2831 quondam
716 2753 797 2812 urbis
828 2759 915 2814 tenue
940 2753 1108 2830 uestigium,

101 2838 229 2895 Ruscino
243 2835 420 2914 Latinorum,
436 2835 540 2898 flumen
555 2835 633 2896 Atax
649 2837 830 2913 ePyrenaeo
843 2836 1026 2898 Rubrensem
1041 2855 1108 2915 per·-

102 2938 199 2979 meaus
221 2920 329 2997 lacum,
354 2919 454 2981 Narbo
476 2920 596 2981 llartius
623 2921 847 2999 decumanorum
867 2921 982 2981 colonia
1002 2920 1058 2980 Xll
1078 2917 1109 2979 Μ

103 3021 179 3080 pass.
193 3021 208 3062 a
224 3006 294 3064 mari
310 3003 436 3082 distans,
448 3004 567 3064 'llumina
583 3003 701 3082 Araris,
718 3004 804 3066 Liria.
830 3006 935 3083 oppida
949 3005 985 3064 de
1004 3013 1106 3064 cetero
1163 3010 1171 3028 ¹

103 3104 167 3146 rara
185 3089 420 3164 praeiacentibus
436 3089 557 3164 stagnis.
595 3087 710 3166 Agatha
724 3089 867 3167 quondam
881 3087 1104 3148 Massiliensium
1115 3095 1160 3148 33<

68 3192 93 3232 so
104 3179 132 3230 et
154 3173 238 3247 regio
255 3170 411 3232 Volcarum
426 3171 621 3250 Tectosagum
640 3182 727 3251 atque
746 3174 794 3233 ubi
810 3171 914 3233 Rhoda
929 3171 1107 3232 Rhodiorum

101 3256 165 3332 luit,
181 3256 255 3315 unde
268 3254 360 3315 dictus
373 3256 463 3317 multo
476 3255 631 3318 Galliarum
641 3257 838 3317 fertilissImus
849 3256 1005 3317 Rhodanus
1017 3258 1109 3316 amnis

102 3358 139 3398 ex
155 3338 280 3416 Alpibus
294 3360 327 3401 se
344 3343 461 3419 rapiens
485 3359 541 3420 per
554 3341 728 3403 Lemannum
749 3341 841 3400 lacum
856 3354 1036 3417 segnemque
1057 3339 1108 3401 de·

99 3424 198 3483 ferens
217 3423 341 3485 Ararem
355 3444 410 3485 nec
426 3427 519 3487 minus
535 3444 569 3488 se
587 3427 652 3504 ipso
668 3432 816 3485 torrentes
830 3423 937 3484 isaram
952 3433 983 3484 et
997 3423 1108 3484 Druan-

167 3540 245 3576 rnsnr
264 3541 327 3578 uun.
345 3541 419 3578 nasu.
439 3529 461 3581 1.
885 3506 905 3570 9
