2400 3856
168 204 171 209 ψ
276 181 356 228 sur.
371 181 461 230 mrsu.
478 179 513 227 11.
536 173 886 243 roa-107.(1oo-111.)
1041 169 1102 235 119

158 333 226 397 106,
241 333 345 415 (110.)
356 334 465 395 Verum
477 336 506 395 in
520 336 656 394 montium
668 337 813 398 miraculis
828 337 910 398 ardet
922 338 1015 399 Aetna
1030 358 1080 399 no·
1092 348 1145 402 236

93 421 187 479 ctibus
205 438 332 498 semper,
350 429 491 499 tantoque
511 436 585 479 aevo
600 420 710 496 ignium
723 422 843 482 materia
859 423 981 500 sufficit,
996 424 1100 484 nivalis

92 504 222 563 hibernis
245 503 427 581 temporibus
451 511 644 582 egestumque
668 506 796 565 cinerem
818 507 928 584 pruinis
950 510 1098 584 operiens.

93 606 148 646 neo
169 587 221 647 illo
242 596 350 649 tautum
372 595 473 646 natura
495 589 589 647 saevit
606 590 789 649 exustionem
812 591 900 650 terris
918 590 1101 671 denuntians,

70 670 196 747 allagrat
226 673 255 731 in
276 670 433 731 Phaselitis
459 688 541 731 mous
564 668 729 749 Chimaera,
759 681 789 733 et
816 673 931 750 quidem
957 675 1100 736 inmortali

92 755 195 815 diebus
209 774 242 815 ac
257 755 392 816 noctibus
409 753 526 815 damma.
564 757 661 832 iguem
678 757 741 816 eius
763 757 880 817 accendi
900 775 989 835 aqua,
1008 761 1101 817 extin-

92 839 141 915 gui
156 857 228 899 uero
246 848 325 900 terra
341 847 390 899 aut
406 839 492 899 iaeno
505 836 624 900 Ouidius
641 836 755 900 Ctesias
772 841 866 901 tradit.
891 841 992 901 eadem
1007 844 1035 900 in
1047 842 1101 918 Ly·

93 924 137 982 oia
153 921 312 1001 Hephaesti
347 931 461 984 montes
483 923 567 984 taeda
588 923 748 985 flammante
770 926 839 985 tacti
862 924 1002 1002 flagrant,
1026 926 1100 986 adeo

94 1015 124 1064 ut
140 1007 251 1085 lapides
268 1025 384 1086 quoque
401 1009 528 1068 rivorum
543 1016 573 1068 et
586 1006 714 1069 harenae
729 1011 758 1068 in
778 1010 851 1087 ipsis
869 1011 952 1087 aquis
969 1010 1100 1087 ardeant,

58 1109 83 1148 ro
92 1090 236 1169 aliturque
252 1094 329 1170 ignis
345 1092 395 1153 ille
410 1090 526 1170 pluviis.
550 1091 654 1152 baculo
671 1094 695 1151 si
712 1094 777 1171 quis
792 1111 831 1152 ex
842 1092 887 1152 his
903 1110 1027 1154 accenso
1045 1103 1101 1154 tra·

94 1177 172 1235 xerit
188 1176 313 1253 sulcum,
331 1178 411 1237 rivos
427 1177 535 1253 ignium
551 1178 634 1253 sequi
650 1184 773 1236 narrant.
805 1176 909 1255 flagrat
924 1179 953 1236 iu
967 1177 1078 1237 Bactris
1092 1171 1151 1309 23?

94 1256 236 1337 Gophanti
253 1257 388 1319 noctibus
401 1265 518 1332 vertex,
536 1256 638 1334 flagrat
652 1261 681 1318 iu
692 1257 786 1317 lledis
800 1267 833 1318 et
849 1261 877 1319 in
891 1257 985 1320 Cissia
999 1271 1101 1339 gente,

94 1342 220 1402 confinio
233 1342 374 1418 Persidis,
391 1342 472 1401 Susis
489 1340 604 1419 quidem
619 1341 653 1402 ad
665 1340 778 1402 Turrim
795 1342 889 1404 albam
902 1343 957 1404 XV
972 1347 1101 1423 caminis,

93 1427 216 1486 maximo
234 1443 334 1485 eorum
352 1433 382 1484 et
400 1423 534 1484 interdiu.
561 1442 676 1503 campus
694 1423 845 1503 Babylone
862 1428 965 1504 flagrat
983 1429 1102 1506 quadam

58 1530 84 1570 15
94 1509 183 1569 veluti
200 1511 309 1588 piscina
323 1510 418 1586 iugeri
433 1508 639 1585 magnitudine,
655 1508 833 1587 Aethiopum
841 1512 919 1569 iuxta
927 1509 1102 1589 hesperium

93 1602 218 1653 montem
244 1593 393 1654 stellarum
423 1591 510 1653 modo
536 1594 627 1670 campi
658 1600 747 1652 noctu
771 1594 874 1654 nitent.
909 1594 1042 1654 similiter
1073 1598 1103 1654 iu

92 1677 406 1756 Megalopolitanorum
432 1695 515 1754 agro.
558 1694 621 1736 uam
649 1676 673 1735 si
702 1677 857 1738 intermisit
883 1677 934 1738 ille
960 1677 1102 1738 iucundus

92 1761 282 1841 frondemque
297 1761 380 1822 densi
393 1778 480 1839 supra
496 1779 530 1821 se
546 1761 673 1820 nemoris
695 1777 754 1820 non
769 1762 893 1822 adurens
912 1771 943 1823 et
957 1764 1036 1821 iuxta
1051 1781 1102 1839 ge-

93 1844 185 1904 lidum·
199 1847 309 1906 iontem
330 1863 447 1923 semper
468 1843 573 1905 ardeus
589 1843 749 1923 Nymphaei
773 1853 885 1922 crater,
901 1847 964 1906 dira
978 1844 1101 1923 Apollo-

56 1947 84 1988 ao
93 1930 179 1988 niatis
191 1931 251 1992 suis
263 1929 424 2008 portendit,
432 1937 462 1988 ut
470 1927 676 2006 Theopompus
685 1928 810 1993 tradidit.
825 1937 949 2006 augetur
961 1930 1100 1989 imbribus

93 2015 249 2092 egeritque
264 2014 393 2074 bitumen
412 2011 628 2091 temperandum
649 2011 731 2074 fonte
750 2012 802 2074 illo
821 2013 1007 2091 ingustabili,
1028 2014 1100 2074 alias

92 2099 168 2157 omni
185 2098 324 2158 bitumine
340 2097 467 2160 dilutius.
503 2095 563 2157 Sed
580 2097 645 2175 quis
667 2097 739 2159 haec
755 2095 897 2159 miretur?
932 2099 962 2158 iu
982 2097 1078 2158 medio
1093 2105 1146 2158 238

91 2183 160 2242 mari
177 2181 266 2243 Hiera
279 2181 374 2243 insula
390 2181 495 2243 Aeolia
514 2183 594 2241 iuxta
609 2180 721 2241 ltaliam
738 2201 802 2242 cum
816 2185 883 2262 ipso
902 2183 974 2243 mari
999 2200 1101 2243 arsere

93 2284 146 2343 per
161 2266 272 2343 aliquot
287 2267 350 2327 dies
368 2266 469 2327 sociali
485 2265 581 2343 bello,
598 2265 694 2326 donec
715 2265 824 2343 legatio
841 2276 979 2327 senatuus
998 2267 1099 2343 piavit.

58 2351 216 2409 semanimo
235 2359 330 2410 tamen
345 2349 429 2411 ardet
452 2350 587 2410 incendio
603 2348 706 2409 Theou
722 2349 842 2410 ochema
860 2351 965 2410 dictum
980 2348 1100 2409 Aethio·

92 2450 159 2508 pum
177 2434 286 2508 iugum,
302 2434 502 2509 tumentisque
517 2431 590 2491 solis
605 2432 759 2492 ardoribus
775 2431 900 2493 flammas
913 2434 1019 2509 egerit.
1044 2431 1102 2492 Tot

92 2515 178 2591 locis,
194 2523 238 2575 tot
253 2515 395 2576 incendiis
414 2532 511 2575 rerum
528 2523 628 2574 natura
643 2523 736 2575 terras
753 2523 870 2576 cremat.
1011 2520 1013 2524 ’

156 2597 227 2661 107.
242 2596 346 2678 (111.)
366 2598 525 2659 Praeterea
542 2615 606 2658 cum
623 2600 662 2657 sit
676 2597 760 2658 buius
776 2599 860 2659 unius
877 2599 1014 2660 elementi
1029 2617 1074 2659 ra·
1091 2603 1146 2661 231

91 2684 133 2743 tio
154 2683 294 2761 fecunda,
315 2701 407 2761 seque
429 2684 493 2761 ipsa
515 2683 608 2762 pariat
629 2690 660 2742 et
676 2684 800 2743 minimis
819 2693 932 2744 crescat
953 2682 1098 2761 scintillis,

55 2799 81 2840 30
91 2768 158 2847 quid
173 2770 238 2829 fore
254 2767 396 2847 putandus
413 2775 460 2827 est
473 2769 503 2827 in
518 2776 563 2828 tot
577 2767 659 2843 rogis
675 2764 795 2829 terrae?
834 2786 908 2847 quae
925 2777 970 2829 est
985 2768 1034 2827 illa
1051 2787 1099 2829 ua·

89 2862 153 2913 tura
168 2871 243 2932 quae
262 2853 452 2913 voracitatem
466 2853 496 2912 in
512 2859 575 2912 toto
591 2850 696 2911 mundo
712 2851 904 2913 avidissimam
917 2854 982 2914 sine
996 2852 1098 2911 damno

90 2938 134 2995 sui
152 2934 266 3014 pascit?
298 2936 438 2997 addantur
454 2936 498 2996 his
514 2934 612 2996 sidera
627 2936 776 2997 innumera
792 2938 955 3016 ingensque
973 2936 1035 3011 sol,
1051 2935 1099 2995 ad-

90 3019 192 3079 dantur
207 3020 321 3080 humani
336 3022 421 3098 ignes
442 3028 473 3080 et
488 3019 612 3098 lapidum
624 3036 743 3099 quoque
754 3021 832 3080 insiti
844 3030 974 3097 naturae,
987 3020 1100 3078 attritu·

90 3120 147 3179 que
162 3104 240 3164 inter
254 3123 286 3164 se
302 3103 391 3182 ligni,
407 3105 462 3164 iam
476 3102 594 3163 nubium
609 3111 639 3162 et
657 3105 787 3179 origines
802 3104 956 3163 fulminum.
981 3103 1099 3162 excedit

54 3188 225 3264 asprolecto
249 3188 386 3248 miracula
409 3189 501 3247 omnia
521 3186 610 3247 ullum
630 3186 707 3247 diem
726 3188 818 3247 luisse
840 3204 896 3264 quo
919 3205 979 3246 non
997 3194 1099 3245 cuncta

88 3270 321 3349 conflagrarent,
345 3289 409 3341 cum
437 3270 557 3350 specula
582 3289 699 3350 quoque
726 3287 852 3331 concaua
877 3269 1000 3330 adversa
1027 3269 1098 3329 solis

88 3355 176 3415 radiis
193 3357 306 3416 facilius
324 3357 411 3416 etiam
426 3355 586 3417 accendant
602 3372 686 3434 quam
702 3353 776 3413 ullus
793 3353 864 3414 alius
882 3354 966 3430 iguis.
1001 3350 1077 3424 Quid
1091 3360 1143 3413 240

90 3438 166 3516 quod
190 3440 417 3502 innumerabiles
442 3441 524 3519 parvi
550 3437 603 3499 sed
623 3436 771 3497 naturales
790 3433 924 3497 scatenti
960 3438 990 3497 in
1011 3435 1098 3515 Nym·
