2400 3856
118 138 162 206 26
464 153 496 203 o.
518 153 613 200 rursu
636 152 785 202 succum

121 308 195 389 (34)
210 308 309 368 Punici
326 308 391 368 mali
408 326 518 386 genera
534 307 627 368 Vllll.
648 306 829 369 balaustium.
863 303 1021 387 (35-47)
1040 307 1132 370 Asiae

120 403 151 455 et
170 394 311 454 Graeciae
326 393 450 453 arbores
465 386 647 536 gemeretis,
669 394 765 468 erice,
781 410 901 469 granum
917 389 1048 452 Cnidium
1066 395 1131 453 sive

120 477 284 554 thymelaea
301 480 364 538 sive
383 476 483 537 chame
495 494 549 537 aea
565 479 629 536 sive
645 476 830 555 pyrosuchna
849 477 912 536 sive
930 485 1050 537 caestor
1066 478 1130 538 sive

120 580 275 636 cneorum,
300 559 351 625 36.
371 562 497 639 tragion,
515 561 711 639 tragacantha,
732 558 783 622 31.
801 568 902 638 tragos
919 561 982 621 sive
998 562 1131 639 scorpio,

118 648 228 722 myrica
250 648 314 707 sive
339 646 428 722 brya,
456 654 571 722 ostrys,
594 642 643 707 38.
664 662 839 721 anonymus,
861 640 913 705 39.
938 644 1007 705 leon
1029 647 1151 721 arbor,s

114 727 168 792 40.
186 730 356 808 andrachle,
376 728 428 791 41.
445 731 594 807 coccygia.
615 729 758 807 apharce,
783 725 834 789 42.
852 726 963 805 ferula,
987 726 1038 790 43.
1056 728 1130 788 'lha-

117 817 199 893 psia,
221 812 272 876 44.
290 816 423 893 capparis
439 816 502 874 sive
525 813 707 888 cynosbaton
728 815 792 873 sive
814 812 1056 890 ophiostaphyle,
1077 810 1129 876 45.

116 896 252 976 saripha,
275 897 327 961 46.
350 900 432 978 spina
451 900 551 975 regia,
578 895 629 960 47.
646 891 791 984 cytisus).
832 894 899 976 (48.
914 893 972 974 49)
993 896 1129 958 Arbores

118 991 148 1042 et
168 984 289 1043 frutices
310 984 339 1042 in
361 983 431 1041 mari
448 990 550 1041 nostro
574 975 709 1065 [phycos
727 982 1000 1055 sivegrassonsive
1015 990 1128 1057 noster,

112 1064 167 1128 49.
190 1067 284 1141 bryon
304 1061 482 1151 marinum),
506 1062 577 1142 (50)
592 1068 662 1125 item
681 1068 711 1125 in
725 1064 832 1141 rubro,
855 1061 928 1142 (51)
943 1066 1013 1124 item
1034 1066 1064 1124 in
1085 1065 1130 1125 ln·
1140 1086 1165 1127 uo

116 1150 199 1224 dico,
229 1146 302 1228 (52)
326 1151 396 1209 item
418 1150 447 1208 in
468 1149 678 1227 Trogodytico.
716 1147 811 1209 lsidos
835 1148 1000 1226 plocamos,
1030 1146 1130 1209 Ghari-

116 1241 168 1292 ton
190 1232 363 1310 blepharon.
408 1232 536 1293 Summa:
565 1251 615 1292 res
639 1240 669 1293 et
687 1232 828 1293 historiae
852 1241 882 1293 et
901 1232 1129 1293 observationes

113 1313 349 1377 cccclxviii

178 1396 224 1460 Ex
238 1401 421 1461 auctoribus:
445 1399 484 1462 ll.
497 1401 644 1477 Varrone,
658 1398 805 1476 Hucieno,
821 1398 970 1478 Vergilio,
986 1399 1130 1479 Fabiano,

113 1483 249 1563 Seboso,
275 1485 436 1564 Pomponio
453 1484 546 1563 Hele,
568 1485 671 1545 Flavio
686 1484 831 1559 Procilio,
854 1482 989 1561 Hygino,
1015 1483 1157 1562 'drogum

114 1565 236 1629 Claudio
253 1567 393 1645 Caesare,
416 1567 557 1630 Cornelio
572 1567 702 1646 Nepote,
722 1568 824 1627 Sextio
841 1568 934 1644 Nigro
951 1569 999 1646 qui
1016 1565 1131 1630 Graeco

112 1652 150 1713 de
171 1653 312 1713 medicina
333 1655 468 1732 scripsit,
493 1651 596 1713 Cassio
618 1651 755 1726 Hemina,
779 1651 810 1710 L.
829 1651 950 1726 Pisone,
973 1651 1129 1728 Tuditano,

112 1735 242 1797 Antiate.
273 1736 426 1797 Externis:
451 1737 668 1817 Theophrasto,
686 1734 850 1813 Herodoto,
868 1733 1061 1814 Callisthene,
1077 1736 1130 1797 lsi·

111 1838 210 1897 gono,
234 1820 398 1898 Clitarcho,
415 1822 611 1897 Anaximene,
630 1820 756 1897 Duride,
777 1818 930 1895 Nearcho,
949 1817 1129 1895 Onesicrito,

111 1903 272 1981 Polycrito,
293 1905 514 1985 Olympiodoro,
530 1905 690 1982 Diogneto,
706 1902 862 1980 Nicobnlo,
877 1902 1037 1982 Anticlide,
1055 1902 1164 1967 cha-n

112 1996 177 2046 rete
193 1988 391 2065 Mytilenaeo,
407 1988 611 2063 Menaechmo,
637 1987 791 2048 Dorotheo
810 1986 1011 2065 Atheniense,
1034 1985 1128 2064 Lyco,

110 2069 238 2148 Antaeo,
255 2071 403 2150 Ephippo,
421 2072 536 2133 Dinone
543 2115 554 2149 ,
571 2071 743 2148 Adimanto,
759 2071 929 2132 Ptolemaeo
944 2070 1031 2149 Lagi,
1052 2070 1129 2133 lilar-

112 2171 163 2228 sya
178 2153 351 2232 Macedone,
372 2154 457 2215 Zoilo
473 2157 561 2232 item,
577 2155 765 2231 Democrito,
780 2153 992 2234 Amphilocho,
1011 2156 1128 2216 Aristo·
1170 2207 1173 2213 .

108 2236 222 2316 macho,
238 2238 407 2299 Alexandro
424 2239 621 2319 polyhistore,
637 2238 718 2315 luha,
734 2239 920 2318 Apollodoro
936 2241 986 2317 qui
1002 2238 1039 2299 de
1056 2239 1127 2300 odo·

109 2321 190 2381 ribus
213 2324 348 2402 scripsit,
372 2323 526 2386 Heraclide
547 2323 677 2399 madico,
700 2322 810 2399 Botrye
831 2327 916 2401 item,
939 2323 1160 2385 Archedemoau

109 2405 189 2483 item,
205 2406 348 2484 Dionysio
360 2408 441 2486 item,
452 2407 621 2469 Democede
633 2409 713 2486 item,
726 2406 886 2485 Euphrone
898 2409 978 2484 item,
991 2405 1126 2468 Mnaside

107 2490 189 2567 item,
213 2491 341 2570 Diagora
356 2494 437 2570 item,
460 2493 533 2553 lolla
551 2495 630 2571 item,
652 2491 809 2552 Heraclide
826 2491 1002 2568 Tarentino,
1025 2489 1126 2552 Xeno·

110 2583 190 2634 crate
208 2574 348 2653 Ephesio.

170 2657 260 2717 Libro
276 2658 371 2721 Xllll.
401 2662 587 2720 continentur
605 2660 766 2737 frugiferae
786 2660 921 2720 arbores.
952 2656 998 2739 (2.
1022 2657 1059 2737 3)
1080 2658 1126 2720 De

106 2740 204 2798 vitium
224 2750 324 2801 natura
345 2753 376 2803 et
392 2743 495 2821 quibus
511 2745 604 2803 modis
620 2751 764 2803 serantur.
790 2743 827 2803 de
844 2761 961 2803 uvarum
976 2751 1078 2803 natura
1095 2751 1159 2803 etse

106 2823 243 2903 cura.(4)
258 2826 357 2885 vitium
375 2836 405 2886 et
420 2844 539 2885 uvarum
555 2844 667 2904 genera
682 2824 759 2888 xcl.
783 2825 834 2905 (5)
851 2828 976 2905 insignia
993 2826 1125 2887 culturae

106 2916 137 2967 et
159 2911 314 2969 vinearum.
351 2908 402 2990 (6)
423 2909 458 2970 de
480 2912 652 2970 inventione
674 2910 768 2970 mulsi.
806 2910 857 2990 (1)
880 2910 1034 2970 denatura
1051 2912 1124 2971 vini.

106 2989 158 3069 (8)
179 2995 245 3053 vina
264 3012 412 3071 generosa
429 2993 469 3072 b,
494 2993 548 3073 (9)
558 2996 626 3065 uina
646 2997 834 3055 transmarina
855 2993 1028 3071 XXXVlll,
1049 2991 1123 3073 (10)

105 3077 166 3136 vini
179 3078 248 3137 salsi
263 3096 374 3154 genera
386 3077 450 3137 Vll.
478 3078 552 3157 (11)
567 3079 604 3141 dc
620 3096 708 3158 passo
721 3087 751 3138 et
763 3079 935 3158 hepsemate
950 3087 981 3139 et
997 3078 1124 3139 dulcium

103 3161 263 3236 generibus
280 3161 374 3239 xvh,
392 3159 464 3241 (12)
480 3163 642 3223 secundarii
663 3164 719 3222 viui
736 3182 848 3240 genera
862 3162 914 3225 111.
946 3161 1019 3241 (13)
1039 3179 1158 3241 quamas

104 3261 197 3320 nuper
214 3249 369 3325 coeperint
384 3249 449 3306 vina
464 3265 612 3323 generosa
627 3249 657 3307 in
672 3246 764 3306 ltalia.
792 3245 865 3325 (14)
883 3248 919 3307 dc
937 3249 1005 3307 vino
1019 3247 1124 3307 obser-

102 3329 238 3388 vationes
254 3349 270 3389 a
284 3330 410 3391 Romulo
426 3348 510 3409 rege.
541 3329 614 3410 (15)
630 3331 735 3410 quibus
751 3332 827 3391 vinis
843 3332 888 3392 usi
904 3332 1026 3409 antiqui.
1050 3328 1123 3410 (16)

102 3411 242 3472 notabilia
263 3415 340 3475 circa
362 3414 530 3494 apothecas.
566 3414 604 3477 de
625 3417 692 3476 vino
713 3414 876 3495 Opimiano.
917 3413 990 3496 (11)
1008 3415 1123 3494 quaudo
