2400 3856
341 187 423 238 nar.
444 189 536 238 nrsr.
560 190 584 237 1.
606 179 687 249 (nur.
707 192 791 240 xvir.
810 183 921 256 xvrrr.)
1101 178 1142 245 31

127 337 177 404 13.
191 339 347 402 avolsione
360 345 522 420 nascentia,
541 343 669 403 surculo.
698 341 747 406 14.
761 347 797 406 de
810 347 985 426 seminariis,
1001 346 1037 408 de
1050 354 1143 408 trans·

125 424 259 487 iercndis
276 427 448 487 seminariis.
479 426 527 490 15.
546 428 582 488 de
594 427 677 487 ulmis
693 430 836 509 serendis,
856 429 903 493 16.
920 432 956 493 de
974 432 1141 510 scrobibus,

127 507 177 571 17.
195 509 232 569 de
248 510 412 571 intervallis
428 511 580 588 arborum,
605 509 654 573 18.
673 512 709 571 de
721 514 837 592 umbra,
862 514 910 577 19.
927 515 962 577 de
975 516 1138 576 stillicidiis.

104 589 176 655 020.
194 611 270 671 quae
286 595 368 656 tarde
385 604 536 672 crescant,
558 615 632 674 quae
650 594 800 658 celeriter.
833 596 885 662 21.
907 601 1071 678 propagine
1092 617 1140 659 na·

124 672 272 765 anantio).
303 676 460 758 (22-26)
478 679 514 741 de
530 681 669 741 insitione
691 673 860 826 Quomodo
876 684 994 743 inventa
1012 685 1066 760 sit,
1088 680 1138 745 23.

123 762 294 824 inoculatio.
324 760 373 824 21.
390 781 502 841 genera
518 765 695 825 insitionum.
725 762 753 827 5.
771 765 807 826 de
821 768 882 825 vite
896 766 1059 827 inserenda.
1085 764 1137 828 26.

123 842 358 933 emplastratio).
400 844 472 925 (27)
496 867 576 908 ramo
601 852 759 910 nascentia.
802 848 874 931 (28)
900 868 973 928 quae
998 849 1082 910 taleis
1109 859 1139 909 et

123 931 269 1009 quomodo
286 941 430 992 serantur.
467 930 534 1010 (29.
549 931 606 1010 30)
625 932 760 994 Olearum
775 933 904 1011 cultura,
928 932 1000 1012 (30)
1017 951 1138 1012 operum

91 1027 113 1068 to
122 1015 312 1075 surcularium
330 1034 384 1095 per
400 1025 532 1094 tempora
550 1019 614 1077 anni
631 1018 770 1095 digestio,
787 1015 859 1097 (31)
875 1020 911 1079 de
931 1018 1136 1096 ablaqueandis

120 1106 152 1158 et
168 1099 393 1161 adcumulandis.
420 1098 491 1179 (32)
507 1100 551 1161 De
567 1102 677 1162 salicto.
704 1100 776 1182 (33)
791 1102 987 1164 harundineta.
1015 1100 1087 1181 (34)
1099 1102 1137 1161 dc

120 1184 232 1243 ceteris
248 1184 283 1244 ad
298 1187 427 1263 perticas
439 1194 469 1244 et
481 1186 564 1263 palos
580 1185 707 1246 caeduis.
736 1184 801 1266 (35.
819 1185 876 1264 36)
892 1186 1050 1247 Vinearum
1060 1189 1135 1246 ratio

121 1275 152 1327 at
167 1266 354 1328 arbustorum
371 1263 442 1352 (36.
461 1288 498 1328 ne
510 1288 583 1330 uvae
595 1271 631 1329 ab
648 1270 816 1331 animalibus
829 1266 1037 1354 infestentur).
1062 1269 1134 1349 (37)

118 1348 215 1411 llorbi
234 1353 377 1413 arborum.
415 1351 487 1431 (38)
502 1354 636 1431 prodigia
655 1373 693 1414 ex
708 1355 871 1415 arboribus.
902 1354 1059 1434 (39-47)
1074 1354 1134 1416 lle·

87 1434 233 1497 rodicinae
255 1436 391 1497 arborum
416 1431 488 1520 (40.
505 1438 649 1514 quomodo
669 1439 826 1516 rigandum.
860 1436 913 1498 41.
934 1439 1076 1498 mirabilia
1097 1439 1134 1499 dc

118 1520 223 1596 riguis.
253 1516 307 1581 42.
343 1522 481 1581 castratio
499 1521 642 1580 arborum.
674 1517 726 1581 43.
750 1513 896 1593 quomodo
912 1515 1134 1575 circumfodien-

117 1605 190 1665 dnm.
221 1601 273 1665 44.
290 1605 478 1682 caprificatio.
510 1601 562 1666 45.
580 1621 653 1680 quae
670 1605 828 1683 putationis
844 1603 924 1662 vitia.
956 1598 1006 1662 46.
1022 1599 1075 1662 47.
1097 1602 1134 1661 dc

118 1689 353 1765 stercoratione,
373 1688 528 1748 arboribus
548 1682 786 1772 medicamenta).
825 1684 956 1747 Summa:
978 1703 1027 1744 res
1049 1693 1079 1745 et
1092 1685 1134 1745 bi·

118 1772 230 1832 sturiae
248 1781 278 1833 et
294 1772 518 1832 observationes
534 1768 760 1831 dccccxxx.

86 1871 109 1912 ao
179 1853 227 1915 ltx
250 1857 434 1916 auctoribus:
465 1853 604 1915 Cornelio
625 1854 759 1933 Nepote,
785 1851 896 1914 Catone
918 1854 1071 1930 censorio,
1092 1853 1132 1915 ll.

116 1936 270 2017 Varrone,
293 1938 400 2017 Gelso,
421 1939 577 2016 Vergilio,
595 1938 728 2017 Hygino,
750 1938 885 1999 Sasernis
908 1946 992 2016 patre
1015 1944 1045 1996 et
1061 1937 1120 1997 ilio

117 2022 233 2098 Scrola,
252 2022 410 2102 Calpurnio
428 2025 540 2100 Basso,
560 2023 676 2102 Trogo,
692 2025 820 2085 Aemilio
836 2021 952 2098 llacro,
975 2019 1132 2101 Graecino‚

117 2104 298 2184 Columella,
328 2108 428 2169 Attico
455 2107 547 2188 lulio,
574 2108 722 2186 Fabiano,
747 2107 874 2169 llamilio
900 2107 991 2184 Sura,
1021 2105 1131 2168 Dessio

114 2189 241 2269 blundo,
265 2191 298 2253 G.
319 2191 443 2272 Epidio,
468 2191 498 2253 L.
519 2194 636 2255 Pisone.
680 2193 833 2253 Externis:
861 2191 1010 2269 Hesiodo,
1037 2190 1132 2252 Theo·

83 2275 254 2354 sophrasto,
272 2276 456 2356 Aristotele,
472 2276 659 2355 Democrito,
676 2276 879 2355 Theopompo,
899 2275 1029 2336 Hierone
1044 2294 1131 2354 rege,

113 2359 320 2421 Philometore
335 2381 427 2439 rege,
449 2361 549 2421 Attalo
564 2381 654 2439 rege,
672 2360 818 2438 Archyta,
836 2359 1046 2436 Xenophonte,
1064 2361 1131 2419 Am-

112 2444 257 2523 philocho
271 2445 466 2522 Atheniense,
482 2445 640 2523 Anaxipoli
661 2444 780 2521 Thasio,
796 2442 981 2521 Apollodoro
998 2442 1130 2519 Lemnio,

111 2527 313 2608 Aristophane
336 2529 471 2607 llilesio,
501 2530 652 2606 Antigono
680 2526 826 2604 Cymaeo,
854 2523 1019 2602 Agathocle
1043 2524 1129 2602 Chio,

111 2611 277 2692 Apollonio
288 2614 482 2692 Pergameno,
500 2614 624 2673 Bncchio
636 2611 764 2688 Milesio,
779 2611 872 2671 Bione
885 2607 1021 2687 Solense,
1036 2607 1130 2670 Chae·

80 2713 163 2758 corea
178 2696 379 2774 Atheniense,
405 2696 559 2758 Chaeristo
576 2699 663 2773 item,
681 2694 813 2756 Diodoro
831 2695 993 2772 Prienaeo,
1013 2694 1129 2756 Dinone

111 2777 319 2860 Colophonio,
343 2780 479 2860 Epigene
500 2781 634 2858 Rhodio,
657 2779 798 2859 Euagone
817 2779 936 2856 Thasio,
958 2778 1128 2860 Euphronio

109 2864 279 2943 Athenaeo,
294 2865 477 2927 Androtione
491 2868 539 2944 qui
555 2866 591 2925 de
606 2866 782 2944 agricultura
797 2865 925 2944 scripsit,
943 2863 1127 2924 Aeschricne

110 2950 159 3027 qui
174 2951 257 3027 item,
275 2948 446 3026 Lysimacho
466 2952 514 3028 qui
536 2951 622 3026 item,
639 2949 782 3025 Dionysio
798 2951 845 3027 qui
864 2948 1019 3023 Magonem
1037 2956 1127 3006 trans-

109 3034 192 3110 tulit,
215 3033 370 3113 Diophane
393 3036 441 3114 qui
466 3053 504 3094 ex
524 3033 667 3110 Dionysio
691 3036 817 3112 epitoma
838 3033 926 3107 iecit,
953 3030 1126 3090 Aristandro

78 3120 157 3197 oqui
174 3119 212 3178 de
229 3121 385 3198 portentis.

172 3200 264 3264 libro
282 3201 391 3264 XVlll.
413 3204 599 3263 continentur
620 3211 738 3263 naturae
759 3202 884 3278 frugum.
897 3266 902 3274 ,
916 3195 967 3276 (1)
985 3195 1126 3272 Antiquo-

108 3307 171 3349 rum
190 3287 316 3348 studium
334 3289 364 3347 in
376 3287 560 3364 agricultura.
597 3283 648 3365 (2)
666 3283 748 3357 Quae
769 3287 859 3363 prima
876 3282 986 3342 Romae
1007 3297 1123 3340 corona.

108 3372 144 3432 de
162 3374 265 3450 spicea
288 3388 405 3431 corona.
442 3369 493 3450 (3)
511 3369 555 3430 De
575 3372 688 3448 iugero.
733 3367 784 3448 (4)
809 3364 951 3438 Quotiens
971 3365 1123 3442 atquibus

108 3456 291 3536 temporibus
315 3455 404 3516 inerit
420 3473 528 3515 summa
550 3454 646 3515 vilitas
662 3471 800 3513 annonae.
839 3450 891 3530 (5)
911 3447 967 3524 Qui
983 3449 1123 3510 inlustres
