2400 3856
119 151 162 215 94
460 166 492 215 c.
513 168 610 214 annu
632 167 781 215 snounor

11 372 14 377 .
119 339 178 400 que
197 331 329 400 tempore
350 321 470 381 aestatis
490 310 651 399 hiemisque
670 323 775 382 causis.
812 338 866 399 qua
885 323 998 381 ratione
1021 320 1126 381 crebra

119 405 149 463 in
160 405 255 483 Italia,
271 407 337 484 quia
354 406 490 465 mobilior
504 424 555 466 aer
569 406 686 465 mitiore
703 406 799 466 hieme
816 413 846 465 et
861 413 974 466 aestate
993 405 1125 465 nimbosa

120 507 237 568 semper
258 489 468 568 quodammodo
490 497 592 549 vernat
613 489 661 549 rel
685 497 838 549 autumnat.
880 489 982 548 Italiae
1007 506 1125 567 quoque

118 573 249 650 partibus
265 575 301 633 iis
317 591 391 651 quae
406 592 423 633 a
438 575 641 652 septentrione
655 573 807 633 discedunt
820 573 855 632 ad
868 580 1014 652 teporem,
1029 572 1124 652 qualis

50 708 54 717 ,
119 665 166 715 est
180 658 260 717 urbis
277 666 308 718 et
325 655 497 736 Campaniae
513 665 633 734 tractus,
650 658 731 717 iuxta
742 656 837 718 bieme
856 665 886 717 et
900 664 1014 717 aestate
1029 654 1147 733 fulgu-s

118 749 173 819 rat,
192 740 269 819 quod
283 759 341 802 non
356 743 386 801 in
401 741 458 801 alio
477 743 544 802 situ.

75 828 125 884 137
183 822 234 887 51.
263 823 345 904 (52.)
373 825 530 885 Fulminum
558 827 688 904 ipsorum
715 826 797 903 plura
822 843 933 902 genera
964 823 1122 883 traduntur.

118 925 193 987 quae
217 910 294 970 sicca
315 904 435 970 veniunt
462 926 519 968 non
537 908 659 968 adurunt
675 909 728 969 sed
748 909 907 988 dissipant,
933 926 1007 987 quae
1031 907 1124 967 umida

116 1009 176 1052 non
197 1000 281 1052 urunt
302 992 355 1052 sed
375 992 526 1052 infuscant.
564 993 683 1052 tertium
704 1000 751 1052 est
774 992 851 1070 quod
877 992 983 1052 clarum
1006 999 1124 1066 vocant,

116 1076 255 1135 mirificae
276 1077 398 1135 maxime
420 1084 559 1153 naturae,
589 1092 646 1153 quo
674 1075 752 1136 dolia
777 1075 983 1136 exhauriuntur
1008 1076 1159 1140 intactisro

118 1160 309 1237 operimentis
330 1158 469 1237 nulloque
485 1158 542 1219 alio
561 1160 689 1237 vestigio
707 1159 823 1221 relicto.
859 1178 958 1220 aurum
978 1168 1008 1219 et
1023 1176 1075 1218 aes
1095 1168 1125 1218 et

117 1250 269 1318 argentum
291 1242 416 1320 liquatur
432 1244 526 1320 intus,
549 1242 671 1304 sacculis
688 1244 761 1323 ipsis
782 1243 964 1303 nullomodo
984 1242 1125 1302 ambustis

116 1343 150 1385 ac
165 1344 202 1385 ne
224 1327 346 1386 confuso
368 1326 483 1404 quidem
504 1329 589 1405 signo
608 1345 703 1388 cerae.
737 1327 845 1388 Marcia
867 1329 1004 1407 princeps
1019 1327 1124 1387 Roma-

116 1427 215 1468 narum
229 1410 286 1470 icta
302 1411 419 1488 gravida
436 1420 517 1489 partu
535 1411 697 1472 exanimato
715 1414 780 1491 ipsa
795 1414 867 1471 citra
884 1411 973 1472 ullum
989 1409 1067 1470 aliud
1083 1410 1124 1469 in·
1146 1467 1149 1472 .

116 1493 296 1554 commodum
310 1496 391 1554 vixit.
421 1495 455 1554 In
468 1493 647 1555 Catilinianis
663 1496 805 1574 prodigiis
816 1495 994 1574 Pompeiano
1011 1512 1050 1554 ex
1065 1511 1159 1565 mum

116 1579 224 1656 nicipio
240 1577 277 1638 bl.
289 1576 453 1639 Herennius
470 1579 589 1640 decurio
608 1597 715 1640 sereno
735 1580 783 1639 die
800 1579 918 1639 fulmine
934 1581 1009 1639 ictus
1025 1587 1080 1639 est.

74 1668 124 1723 138
180 1659 229 1723 52.
256 1659 338 1740 (53.)
365 1661 525 1722 Tuscorum
546 1663 663 1723 litterae
688 1681 793 1724 novem
814 1664 888 1723 deos
913 1663 1049 1723 emittere
1069 1661 1123 1723 ful·

113 1747 190 1806 mina
205 1746 387 1824 existimant,
405 1765 499 1825 eaque
518 1767 587 1808 esse
602 1746 734 1808 undecim
751 1766 908 1825 generum,
930 1747 1031 1807 lovem
1047 1747 1121 1806 enim

71 1850 78 1859 ·
115 1829 334 1891 trina-iaculari.
378 1829 501 1891 Romani
520 1831 576 1892 duo
592 1840 700 1892 tantum
718 1834 806 1892 exiis
823 1849 1001 1908 servavere,
1022 1829 1123 1890 diurna

115 1914 308 1975 attribuentes
324 1914 399 1991 lovi,
417 1924 557 1975 nocturna
572 1914 735 1994 Summano,
754 1918 866 1977 rariora
882 1934 952 1976 sane
968 1913 1069 1976 eadem
1085 1913 1170 1981 desa-

46 2002 49 2007 ’
114 2014 201 2056 causa
218 1998 380 2075 frigidioris
397 1998 480 2058 caeli.
514 1997 631 2060 Etruria
647 2018 801 2078 erumpere
820 2008 899 2060 terra
914 2017 1032 2078 quoque
1046 1997 1122 2058 arbi·

75 2118 78 2123 -
114 2087 207 2139 tratur
227 2098 301 2158 quae
322 2082 415 2142 infera
442 2081 588 2161 appellat,
615 2081 736 2144 brumali
759 2093 892 2162 tempore
917 2084 1009 2159 facta,
1034 2099 1122 2143 saeua

114 2165 238 2223 maxime
258 2172 288 2224 et
309 2165 519 2242 exsecrabilia,
542 2184 606 2226 oum
628 2168 684 2226 siut
707 2169 802 2228 omnia
826 2185 900 2246 quae
919 2176 1037 2228 terrena
1060 2167 1121 2226 exi·

114 2248 229 2307 stimant
249 2265 307 2309 non
322 2249 372 2309 illa
387 2249 555 2327 generalia,
577 2269 633 2311 neo
653 2269 669 2311 a
685 2252 831 2312 sideribus
853 2252 999 2312 venientia
1015 2249 1067 2311 sed
1084 2269 1121 2310 ex

113 2333 246 2411 proximo
262 2341 348 2412 atque
367 2334 529 2395 turbidiore
540 2342 652 2396 natura.
681 2344 879 2413 argumentum
896 2336 1028 2411 evidens,
1045 2333 1155 2412 qnodffi

115 2418 208 2476 omnio
234 2419 389 2496 superiore
417 2422 500 2479 caelo
527 2418 690 2480 decidentia
717 2420 853 2498 obliquos
880 2420 989 2480 habeut
1013 2420 1120 2496 ictuus,

70 2505 121 2560 139
139 2499 213 2561 baec
228 2510 323 2563 autem
338 2520 412 2582 quae
428 2511 535 2563 vocant
555 2511 672 2564 terrena
694 2512 805 2565 rectos
842 2503 895 2564 sed
911 2505 977 2582 quia
995 2521 1034 2563 ox
1052 2519 1120 2581 pro·

113 2584 198 2662 piore
213 2589 333 2646 materia
349 2586 470 2664 cadunt,
487 2586 555 2646 ideo
572 2587 728 2647 creduntur
744 2608 761 2648 e
777 2597 857 2649 terra
874 2590 969 2664 exire,
985 2588 1121 2666 quoniam

113 2685 152 2726 ex
166 2668 286 2746 repulsu
302 2669 379 2728 nulla
396 2671 510 2749 resigia
531 2670 635 2748 edunt,
660 2689 722 2731 cum
738 2673 777 2732 sit
796 2672 847 2732 illa
865 2673 940 2732 ratio
958 2689 1016 2731 non
1033 2670 1119 2730 inferi

112 2752 206 2811 ictuus
223 2751 276 2811 sed
293 2753 416 2812 adversi.
453 2753 610 2814 ASaturni
634 2773 669 2814 ea
693 2755 791 2816 sidere
813 2757 960 2834 proticisci
984 2753 1152 2832 subtilitis„

110 2836 168 2894 ista
183 2838 346 2896 consectati
361 2844 478 2916 putant,
495 2838 569 2896 sicut
585 2840 742 2899 cremantia
757 2838 899 2917 allartis,
914 2838 1039 2919 qualiter
1054 2856 1118 2898 oum

110 2918 237 2980 Volsinii
254 2921 391 2999 oppidum
406 2921 566 2981 Tuscorum
581 2922 830 3001 opulentissimum
847 2931 938 2983 totum
954 2939 1119 2983 concrema·

111 3011 169 3064 tum
182 3013 228 3065 est
243 3005 371 3067 fulmine
399 3004 513 3067 Vocant
528 3014 558 3066 et
572 3007 746 3068 familiaria'
738 3028 768 3068 rn
785 3015 874 3068 totam
890 3010 975 3067 vitam
990 3004 1117 3084 fatidica,

112 3105 185 3187 quae
204 3090 295 3168 prima
307 3091 377 3151 liunt
390 3090 525 3151 familiam
540 3111 619 3153 suam
635 3094 739 3171 cuique
750 3092 881 3173 indepto
907 3089 1046 3153 Ceterum
1058 3092 1119 3150 exi·

72 3240 74 3245 ,
110 3173 226 3233 stimant
245 3192 304 3235 non
325 3176 400 3236 ultra
420 3175 522 3236 decem
544 3195 634 3237 annos
653 3177 832 3255 portendere
854 3177 966 3255 privata
986 3183 1117 3254 praeter·
1127 3204 1152 3248 ω

111 3273 194 3334 quam
210 3267 258 3318 aut
281 3261 374 3339 primo
390 3261 564 3338 patrimonio
580 3261 655 3320 facta
675 3269 723 3340 aut
739 3261 826 3320 natali
843 3260 908 3338 die,
929 3259 1046 3340 publica
1060 3277 1119 3320 non

110 3339 186 3401 ultra
203 3343 380 3403 tricesimum
396 3361 498 3403 annum
514 3334 746 3424 praeterquam
737 3365 767 3405 ιη
782 3344 957 3407 deductione
975 3344 1083 3423 oppidi.

67 3429 118 3484 140
174 3422 225 3487 53
245 3424 327 3506 (54.)
350 3426 455 3488 Exstat
471 3426 613 3488 annalium
629 3431 768 3490 memoria
787 3430 878 3491 sacris
903 3427 1073 3507 quibusdam
1091 3436 1121 3489 et
