2400 3856
105 146 166 210 148
450 159 482 206 c.
504 159 598 206 antur
621 160 768 208 saccant

108 325 263 378 carentum.
284 317 329 375 cui
347 323 519 391 argumento
535 314 616 373 adest
634 315 768 392 oppidum
784 315 861 373 iuxta
877 313 1048 373 industriam
1068 333 1120 373 ve·

107 409 185 460 tusto
201 401 316 458 nomine
331 398 591 475 Bodincomagum,
608 398 656 457 ubi
672 400 827 476 praecipua
846 397 966 457 altitudo
984 399 1096 475 incipit.

57 500 107 555 123
186 482 233 544 tt.
249 481 333 560 (21.)
349 481 550 560 Transpadana
567 481 729 559 appellatur
744 481 780 541 ab
798 500 834 541 eo
850 483 934 558 regio
946 482 1118 563 undecima,

108 576 168 627 tota
187 569 216 627 in
237 567 470 641 mediterraneo,
495 568 539 624 cui
561 567 648 626 maria
670 574 772 625 cuncta
795 566 944 625 fructuoso
966 565 1053 625 alveo
1075 567 1117 624 in-

105 659 212 730 portat.
256 650 368 728 Oppida
389 649 457 709 Vibi
479 647 603 725 Forum,
628 648 771 726 Segusio,
791 649 924 709 coloniae
946 648 981 709 ab
998 647 1117 726 Alpium
1138 663 1153 704 a

105 735 250 799 radicibus
269 735 402 812 Augusta
421 732 619 808 Taurinorum,
636 734 701 793 inde
719 733 874 811 navigabili
891 732 1118 810 Pado,‘antiqua

104 818 240 895 Ligurum
256 820 359 896 stirpe,
376 820 443 878 dein
458 817 638 877 Salassorum
654 819 785 894 Augusta
800 816 951 877 Praetoria
970 821 1048 875 iuxta
1064 834 1118 893 ge·

105 904 194 962 minas
210 903 328 981 Alpium
344 903 441 979 iores,
465 900 565 960 Graias
582 909 669 978 atque
679 901 847 978 Poeninas,
861 935 905 948 —-
922 900 967 960 bis
985 899 1117 977 Poenos,

106 985 189 1047 Grais
211 985 366 1047 Herculem
385 987 526 1044 transisse
546 993 723 1062 memorant,
744 1022 787 1031 -
808 985 945 1064 oppidum
966 983 1117 1061 Eporedia

106 1069 256 1147 Sibyllinis
272 1088 288 1129 a
305 1068 414 1148 populo
434 1066 566 1127 Romano
586 1068 731 1128 conditum
745 1071 841 1129 iussis.
866 1068 1021 1149 eporedias
1040 1066 1117 1128 Calli
1135 1099 1158 1137 ω

56 1161 107 1212 124
120 1153 215 1213 bonos
232 1171 371 1231 equorum
388 1151 548 1212 domitores
564 1161 678 1212 vocant.
710 1152 868 1214 Vercellae
883 1152 1060 1224 Libiciorum
1078 1171 1120 1212 ex

105 1235 211 1297 Salluis
231 1245 325 1313 ortae,
340 1235 467 1296 Novaria
484 1255 521 1296 ex
539 1235 774 1312 Vertamacoris,
790 1237 1000 1297 Vocontiorum
1015 1235 1119 1296 hodie·

46 1326 49 1332 '
104 1338 162 1398 que
178 1338 265 1398 pago,
282 1339 351 1398 non,
368 1329 398 1380 ut
416 1318 489 1380 Cato
508 1321 669 1397 existimat,
684 1320 835 1399 Ligurum,
854 1340 892 1381 ex
908 1321 1010 1398 quibus
1025 1319 1119 1380 Laevi

105 1413 137 1464 et
155 1403 255 1464 Harici
278 1404 435 1465 condidere
456 1399 585 1464 Ticinum
606 1423 663 1464 non
684 1405 785 1484 procul
806 1423 821 1464 a
842 1405 939 1481 Pado,
964 1406 1039 1464 sicut
1061 1403 1119 1465 Boi

105 1486 312 1568 Transalpibus
329 1490 455 1568 proiecti
477 1488 601 1550 Laudem
616 1488 800 1568 Pompeiam,
821 1488 959 1548 lnsubres
975 1486 1117 1548 Mediola·
1135 1528 1159 1568 ,5

105 1591 178 1633 num.
216 1573 457 1635 Orumboviorum
479 1575 579 1652 stirpis
603 1592 671 1634 esse
693 1571 812 1633 Comum
835 1581 921 1650 atque
942 1571 1120 1648 Bergomum

105 1666 135 1716 et
151 1656 242 1717 Licini
262 1654 369 1717 Forum
390 1657 500 1736 aliquot
521 1659 597 1718 circa
617 1657 742 1736 populos
764 1667 864 1717 auctor
883 1665 929 1715 est
950 1653 1039 1730 Cato,
1062 1656 1120 1716 sed

40 1795 43 1800 .
107 1743 250 1818 originem
264 1744 361 1819 gentis
382 1744 520 1819 ignorare
542 1761 575 1802 se
598 1743 720 1817 fatetur,
748 1759 831 1820 quam
850 1740 937 1800 docet
959 1736 1119 1801 Cornelius

104 1824 274 1886 Alexander
302 1835 393 1885 ortam
419 1843 435 1885 a
461 1823 583 1886 Graecia
609 1827 852 1903 interpretatione
880 1825 965 1883 etiam
991 1825 1118 1887 nominis

55 1918 104 1969 125
119 1911 206 1968 vitam
224 1911 253 1969 in
268 1910 412 1970 montibus
431 1909 606 1987 degentium.
644 1909 676 1969 lu
699 1908 755 1970 boc
771 1911 834 1968 situ
851 1910 962 1968 interiit
974 1907 1118 1986 'oppidum
1133 1952 1157 1992 ,0

105 1991 346 2053 Orumboviorum
370 1994 474 2070 Parra,
504 1995 577 2054 unde
603 1994 794 2070 Bergomates
820 1990 894 2052 Cato
921 1992 992 2051 dixit
1020 2000 1117 2070 ortos,

106 2077 258 2134 etiamnum
270 2076 412 2154 prodente
425 2096 458 2137 se
471 2076 556 2136 altius
570 2095 653 2154 quam
668 2078 842 2136 fortunatius
855 2078 948 2136 situm.
972 2076 1118 2136 interiere

55 2171 93 2211 rao
107 2166 137 2217 et
160 2156 316 2236 Caturiges
335 2159 487 2220 Insubrum
509 2160 626 2219 exsules
649 2170 680 2220 et
702 2159 790 2238 Spina
812 2178 899 2239 supra
924 2159 1017 2235 dicta,
1045 2160 1119 2219 item

104 2241 231 2320 Melpum
254 2242 402 2322 opulentia
424 2245 625 2322 praecipuum,
652 2244 729 2322 quod
749 2244 785 2304 ab
804 2243 974 2303 Insubribus
993 2252 1024 2302 et
1044 2242 1118 2303 Bois

105 2336 135 2386 et
147 2327 311 2387 Senonibus
326 2327 454 2388 deletum
469 2346 537 2388 esse
554 2345 590 2389 eo
604 2327 650 2387 die
669 2345 726 2406 quo
740 2326 876 2401 Camillus
888 2326 981 2387 Veios
999 2329 1118 2405 ceperit
1131 2363 1157 2405 ,5

104 2410 205 2491 Nepos
225 2409 379 2472 Cornelius
397 2412 521 2472 tradidit.
1125 2409 1129 2416 ’

54 2507 104 2560 tao
182 2494 229 2558 18.
252 2493 336 2575 (22.)
361 2495 498 2574 Sequitur
517 2496 627 2557 decima
643 2498 728 2574 regio
744 2496 846 2557 ltaliae
863 2495 1028 2556 Hadriatico
1044 2499 1117 2556 mari

104 2580 247 2657 adposita,
263 2583 343 2640 cuius
358 2579 495 2657 Venetia,
513 2580 615 2640 fluvius
632 2581 701 2640 Silis
719 2600 757 2641 ex
775 2581 919 2640 montibus
936 2579 1116 2658 Taruisanis,

105 2663 240 2739 oppidum
256 2662 400 2740 Altinum,
417 2663 521 2724 dumea
537 2663 688 2742 Liquentia
704 2683 742 2725 ex
755 2664 902 2724 montibus
922 2663 1116 2742 Opiterginis,

105 2754 134 2804 et
151 2754 252 2822 portus
268 2746 372 2805 eodem
388 2749 517 2823 nomine,
535 2746 651 2807 colonia
667 2745 846 2823 Concordia,
871 2747 984 2806 flumina
1001 2755 1029 2806 et
1046 2765 1116 2824 por·
1131 2792 1157 2830 p,

104 2828 330 2906 tus-Reatinum,
347 2829 539 2890 Tiliaventum
553 2834 643 2891 maius
655 2835 818 2910 minusque,
834 2831 965 2891 Anaxum
982 2848 1039 2908 quo
1058 2830 1116 2891 Va-

104 2931 197 2973 ramus
215 2914 331 2990 delluit,
352 2914 439 2991 Alsa,
461 2914 563 2977 Natiso
584 2934 646 2976 cum
669 2915 779 2992 Turro,
801 2915 999 2994 praelluentes
1021 2913 1115 2992 Aqui·

53 3005 101 3055 127
119 2997 203 3057 leiam
225 2998 368 3058 coloniam
386 2997 441 3058 XV
457 2998 487 3058 bl
508 3019 586 3079 pass.
615 3020 630 3062 a
651 3002 720 3059 mari
744 3002 838 3079 sitam.¹
866 2996 1024 3060 Carnorum
1041 2998 1117 3062 haec

103 3084 188 3160 regio
206 3085 360 3161 iunctaque
383 3083 534 3162 lapudum,
559 3086 648 3144 amnis
673 3083 825 3160 Timavos,
847 3083 996 3143 castellnm
1013 3083 1117 3147 nobile

105 3170 173 3225 vino
189 3166 342 3244 Pucinum,
360 3167 552 3245 Tergestinus
567 3171 662 3245 sinus,
680 3168 794 3227 colonia
807 3166 971 3245 Tergeste,
987 3165 1117 3230 XXXlll
1131 3202 1157 3244 ‚35

105 3249 224 3327 bipass.
244 3253 278 3311 ab
295 3251 441 3328 Aquileia.
482 3252 554 3311 ultra
575 3270 658 3329 quam
674 3250 716 3310 Vl
731 3251 760 3310 Μ
779 3270 854 3330 pass.
878 3251 993 3312 Formio
1011 3255 1115 3327 amnis,

104 3334 140 3392 ab
157 3333 294 3395 Ravenna
310 3333 524 3397 CLXXXVllll
539 3334 568 3393 tt
584 3353 674 3413 pass,
695 3337 806 3395 anticus
821 3345 923 3396 auctae
938 3335 1038 3397 ltaliae
1058 3346 1116 3396 ter-

104 3418 212 3494 minus,
241 3438 315 3478 nunc
337 3438 407 3480 veru
430 3418 574 3496 Histriae,
601 3436 683 3498 quam
706 3422 935 3496 cognominatam
957 3440 972 3481 a
997 3421 1116 3482 llumine
