2400 3856
264 166 345 214 nar.
361 166 452 216 mrsu.
469 168 506 215 11.
525 165 644 219 ro—ra.
667 161 820 235 (ra—ro)
1027 163 1067 224 79

59 338 163 383 rursus
182 319 277 381 stella
303 329 428 400 utroque
451 322 537 383 modo
564 323 705 384 scandere
727 323 764 384 ab
789 335 893 386 exortu
917 330 1064 405 matutino,

60 403 186 482 degredi
203 421 275 464 vero
297 403 446 465 latitudine
463 424 479 466 a
494 407 682 484 vespertino,
702 420 924 505 consecutoque
947 413 1010 473 sole
1029 395 1065 474 ad

61 487 227 568 quindecim
248 488 371 564 partium
390 489 572 550 intervallum
589 492 720 550 consistit
741 495 892 571 quatriduo
915 512 1008 573 prope
1024 499 1065 555 in-

59 571 188 633 mobilis.
218 586 287 631 mox
308 571 345 631 ab
367 571 516 634 altitudine
537 565 693 634 descendit
713 585 852 655 retroque
877 579 1008 654 graditur
1030 580 1066 640 ab
1075 584 1109 640 76

34 673 174 717 soocasu
194 656 367 733 vespertino
383 674 476 735 usque
499 656 535 717 ad
552 667 683 717 exortum
698 662 875 735 matutinum,
901 670 1066 741 tantumque

59 740 137 801 baec
153 747 184 797 et
198 737 265 798 luna
280 739 400 800 totidem
415 740 519 801 diebus
533 751 603 821 quot
618 742 736 802 subiere
751 744 940 803 descendunt
969 745 1066 806 Vene-

59 825 102 884 ris
116 822 288 901 quindecies
300 823 431 900 pluribus
444 824 529 901 subit,
546 844 645 886 rursus
658 827 773 886 Saturni
788 835 818 886 et
828 825 907 886 lovis
919 828 1065 906 duplicato

60 907 285 985 degrediuntur,
302 905 402 968 Martis
418 909 503 970 etiarn
521 909 751 989 quadruplicato.
791 919 869 973 tanta
886 921 931 970 est
945 922 1065 972 naturae

61 992 200 1066 uarietas,
217 990 270 1051 sed
284 991 357 1051 ratio
374 992 505 1053 evidens
528 1011 593 1054 nam
606 1012 681 1075 quae
693 995 721 1053 in
733 1011 873 1074 vaporem
888 995 960 1055 solis
974 998 1064 1056 nitun-

28 1090 53 1134 ro
61 1083 108 1135 tur
121 1076 208 1135 otiam
224 1075 404 1136 descendunt
418 1093 519 1154 aegre.

124 1158 211 1237 (15.)
233 1156 322 1218 Multa
348 1161 441 1238 promi
467 1160 589 1238 amplius
610 1162 688 1221 circa
708 1161 782 1222 haec
807 1172 926 1239 possunt
949 1174 1065 1225 secreta
1075 1172 1108 1228 tt

60 1251 182 1304 naturae
194 1240 338 1319 legesque
356 1244 489 1323 quibus
480 1262 543 1323 rpsa
559 1246 676 1304 serviat.
700 1246 828 1322 exempli
843 1248 935 1323 gratia
951 1248 980 1306 in
992 1247 1066 1309 blar-

60 1327 98 1387 tis
110 1325 221 1397 sidere,
238 1327 320 1385 cuius
335 1338 380 1387 est
400 1328 524 1385 maxime
543 1327 768 1387 inobservabilis
785 1346 896 1404 cursus,
913 1349 1066 1410 numquam

60 1411 90 1472 id
117 1409 270 1469 stationem
295 1409 395 1471 facere
420 1410 499 1470 Iouis
519 1411 616 1470 sidere
640 1412 800 1489 triquetro,
825 1430 892 1472 raro
913 1413 1066 1474 admodum

29 1493 215 1570 ssexaginta
237 1493 367 1571 partibus
382 1495 528 1568 discreto,
554 1495 602 1572 qui
624 1512 758 1553 uumerus
778 1495 955 1593 sexangulas
969 1499 1066 1557 mundi

62 1576 156 1638 eflicit
180 1575 304 1652 formas,
334 1594 389 1637 nec
405 1586 544 1637 exortans
566 1578 620 1636 nisi
645 1579 674 1636 iu
700 1576 812 1637 duobus
834 1580 926 1656 signis
947 1588 1065 1654 tantum,

63 1661 163 1723 cancri
185 1668 215 1720 et
239 1660 350 1736 leonis,
378 1661 462 1721 simul
482 1662 582 1721 edere.
609 1659 736 1720 Mercuri
749 1678 822 1719 vero
838 1661 916 1719 sidus
929 1669 1068 1720 exortans

61 1744 250 1822 vespertinos
265 1746 293 1803 in
311 1744 441 1823 piscibus
456 1762 539 1805 raros
556 1743 667 1817 lacere,
685 1743 881 1804 creberrimos
896 1746 925 1804 in
940 1746 1065 1822 virgine,

63 1830 92 1888 in
107 1827 183 1889 libra
202 1829 370 1903 matutinos,
393 1830 461 1888 item
480 1829 632 1887 matutinos
653 1828 680 1885 in
695 1828 831 1905 aquario,
856 1829 1021 1888 rarissimos
1038 1830 1067 1887 in
1109 1878 1112 1883 .

27 1912 163 1983 aoleone,
180 1913 401 1988 retrogradum
393 1931 420 1972 ιιι
431 1921 513 1972 ιιιιο
528 1921 556 1971 et
569 1913 597 1969 in
608 1912 731 1987 geminis
746 1927 804 1969 non
821 1913 921 1987 lieri,'
913 1930 941 1970 ru
957 1929 1065 1971 cancro

62 2012 137 2055 nero
151 2012 211 2054 uon
226 1996 297 2055 citra
312 1997 479 2056 vicesimam
495 1996 619 2074 quintam
636 2002 756 2072 partein.
786 1995 880 2075 lunam
897 1995 942 2055 bis
961 1994 1108 2057 coitum78

63 2097 128 2139 cum
143 2069 233 2137 s'ole
224 2096 253 2137 ιιι
267 2079 346 2139 nullo
364 2080 461 2142 alio
438 2097 521 2157 signo
537 2079 638 2139 lacere
653 2097 738 2177 quarn
753 2081 894 2156 geminis,
911 2098 968 2140 non
985 2082 1066 2141 coire

62 2161 242 2240 aliquando
234 2181 262 2222 ιιι
278 2164 426 2239 sagittario
442 2173 563 2238 tanturn,
593 2163 777 2223 novissimam
792 2181 864 2224 vero
888 2166 1066 2264 primamque

63 2246 168 2306 eadem
183 2244 230 2304 die
247 2246 294 2306 vel
306 2256 394 2307 nocte
407 2246 486 2307 nullo
501 2247 601 2315 alio.in
618 2247 701 2314 signo
718 2265 802 2315 quam
818 2249 909 2308 ariete
923 2250 1065 2322 conspici.

30 2350 58 2392 ss
69 2330 115 2408 (id
130 2348 245 2410 quoque
261 2336 360 2412 paucis
375 2334 537 2394 mortalium
563 2333 703 2409 contigit,
718 2340 749 2391 et
763 2333 829 2392 inde
846 2333 919 2390 lama
930 2330 1066 2388 cernendi

58 2412 206 2494 Lynceo).
230 2434 288 2477 non
299 2435 462 2494 conparere
474 2419 503 2476 in
514 2416 597 2475 caelo
613 2416 729 2474 Saturni
744 2414 822 2472 sidus
835 2421 865 2472 et
875 2412 988 2485 Martis,
1005 2429 1067 2469 cum

60 2496 224 2596 plurimum,
242 2499 346 2560 diebus
362 2509 477 2560 centurn
495 2499 691 2576 septuaginta,
709 2495 788 2555 lovis
805 2496 920 2571 triginta
938 2511 993 2552 sex
1009 2501 1067 2566 aut,

60 2597 125 2639 curn
142 2581 304 2667 minimum,
329 2584 412 2643 denis
430 2582 568 2640 detractis
590 2580 692 2640 diebus
711 2579 822 2653 omnia,
841 2578 967 2637 Veneris
985 2594 1067 2635 sexa-

28 2657 346 2810 Ἤιτει]
281 2675 346 2741 aut,
369 2683 431 2725 cum
446 2666 588 2723 minimum
597 2664 828 2740 ‚quinquaginta
846 2660 976 2736 duobus,
992 2657 1069 2718 ller-

188 2746 360 2818 decimant,
377 2747 620 2826 cumplurimum,
636 2744 853 2823 septemdecim.

95 2827 287 2910 18.1(6)
313 2831 438 2891 Colores
454 2833 529 2890 ratio
545 2829 723 2889 altitudinum
741 2837 899 2906 temperat
927 2827 1111 2905 siquidemttl

63 2930 161 2972 earum
172 2832 385 2975 similitudinem
402 2913 537 2973 trahunt
529 2933 558 2971 ιιι
570 2931 688 2990 quarum
703 2930 770 2972 aera
782 2930 893 2972 venere
905 2910 1066 2983 subeundo,

63 2996 229 3073 tinguitque
246 2997 509 3075 adpropinquantes
528 2996 664 3057 uuattbet
682 2995 769 3055 alieni
787 3003 918 3054 meatuus
932 2991 1067 3064 circulus,

62 3077 241 3154 frigidioria
257 3080 409 3157 pallorem,
426 3080 599 3139 ardentior
591 3098 620 3139 ιιι
635 3080 782 3152 ruborem,
797 3084 937 3136 ventosus
954 3076 982 3132 in
998 3075 1068 3132 hor·

32 3179 179 3237 errorem,
198 3161 244 3221 sol
261 3171 347 3241 atque
365 3165 563 3223 conmissurus
580 3162 708 3259 apsidum
725 3170 933 3235 extremaeque
955 3156 1069 3215 orbitae

64 3247 177 3304 atrum
169 3263 199 3304 ιιι
215 3245 432 3306 obscuritatem.
449 3264 517 3305 suus
529 3245 644 3343 quidem
656 3246 759 3321 cuique
775 3241 858 3303 color
869 3248 926 3316 est,
944 3238 1068 3298 Saturno

65 3327 292 3404 salamantinus
304 3330 410 3405 clarus,
428 3328 536 3389 blarti
528 3347 644 3406 igneus,
660 3327 783 3387 lucifero
798 3324 934 3398 candens,
949 3323 1066 3399 uesperi

66 3411 395 3489 refulgeuspzblercurio
407 3413 537 3488 radians,
555 3411 638 3472 lunae
650 3410 781 3487 blandus,
802 3408 870 3485 soli,
885 3425 947 3467 cum
966 3408 1055 3466 οι1ιιι
1060 3451 1069 3462 .
