2400 3856
430 175 511 223 unu.
534 174 624 223 ursa.
647 172 771 220 resur.
1101 161 1120 219 5

118 332 176 391 lter
191 339 237 390 est
251 347 310 389 nou
324 331 390 389 trita
407 328 573 389 auctoribus
588 329 634 386 uia
656 346 712 386 uec
734 345 789 406 qua
811 329 993 406 peregrinari
1012 328 1120 386 animus

120 422 250 493 expetat.
279 429 364 473 nemo
385 414 461 491 apud
483 429 537 471 uos
555 413 603 490 qui
628 412 703 470 idern
719 414 918 488 temptauerit,
941 429 1025 470 nemo
1045 409 1120 488 apud

119 497 253 559 Graecos
271 498 319 576 qui
335 515 407 556 uuus
429 497 521 555 omnia
544 513 578 554 ea
594 495 771 554 tractaverit.
803 512 904 570 magua
925 513 993 573 pars
1011 495 1120 554 studio·

119 600 182 641 rum
205 581 396 640 amoenitates
420 581 598 659 quaerimus,
624 597 699 656 quae
721 594 794 636 vero
810 587 930 637 tractata
947 579 982 637 ab
999 579 1063 637 aliis
1080 578 1120 637 di·

98 674 224 725 scantur
237 666 384 722 inmensae
401 664 565 723 subtilitatis
581 662 714 721 obscuris
731 681 825 720 rerum
841 661 972 720 tenebris
988 680 1119 739 premun-

118 757 174 807 tur.
208 748 264 806 lam
280 749 373 806 omnia
398 748 562 824 attingenda
579 765 654 825 quae
671 745 775 805 Graeci
791 750 842 821 τῆς
863 737 1122 822 ἓγκυκλοπαιὸείας

118 840 237 905 uocant,
255 839 284 889 et
301 841 397 890 tamen
413 832 509 907 ignota
528 840 574 890 aut
591 833 701 889 incerta
717 830 842 906 ingeniis
858 821 952 904 lacta,
977 829 1032 887 alia
1048 844 1120 886 vero

119 916 160 973 ita
181 913 278 972 multis
300 915 413 992 prodita
436 924 466 973 ut
487 916 514 972 iu
536 914 680 973 fastidium
703 914 758 972 siut
780 913 914 972 adducta.
951 911 1011 970 Res
1035 911 1162 973 ardua15

119 998 243 1056 uetustis
260 1000 416 1057 novitatem
433 998 519 1072 dare,
544 1000 628 1056 novis
646 999 863 1070 auctoritatem,
890 994 1033 1054 obsoletis
1048 996 1120 1052 uito·

85 1094 193 1155 sorem,
207 1079 342 1140 obscuris
354 1081 460 1155 lucem,
477 1083 611 1141 fastiditis
623 1083 756 1157 gratiam,
774 1080 868 1139 dubiis
880 1080 976 1154 fidem,
990 1078 1121 1137 omuibus

118 1181 193 1223 vero
209 1173 339 1223 naturam
357 1173 386 1223 et
402 1174 520 1224 naturae
544 1184 595 1224 sua
614 1166 716 1223 omnia.
743 1164 828 1223 uobis
848 1166 946 1242 itaque
964 1165 1048 1222 etiam
1064 1178 1121 1219 uon

123 1249 269 1308 assecutis
292 1248 422 1306 voluisse
447 1248 560 1308 abunde
582 1248 732 1326 pulchrum
755 1258 842 1326 atque
864 1247 1045 1324 magnificum
1065 1255 1119 1305 est.

119 1329 263 1410 Equidem
281 1332 318 1390 ita
335 1333 440 1405 sentio,
457 1332 634 1408 peculiarem
651 1333 678 1389 iu
694 1332 794 1391 studiis
808 1349 924 1390 causam
937 1349 1036 1390 eorum
1054 1339 1164 1394 esseio

119 1417 170 1495 qni
185 1413 401 1473 difficultatibus
417 1416 501 1474 victis
514 1416 663 1475 utilitatem
677 1415 789 1475 iuuandi
800 1415 998 1491 praetulerunt
1009 1416 1120 1490 gratiae

84 1498 266 1578 aplacendi,
284 1497 370 1575 idque
386 1498 440 1556 iam
457 1507 486 1557 et
501 1499 528 1556 in
545 1499 607 1557 aliis
624 1498 762 1575 operibus
779 1499 842 1575 ipse
854 1498 924 1571 ieci,
940 1507 968 1555 et
980 1499 1121 1574 profiteor

117 1582 216 1641 mirari
241 1580 274 1639 Τ.
297 1578 421 1655 Livium,
451 1591 598 1640 auctorem
624 1581 862 1655 celeberrimum,
889 1583 917 1639 in
938 1580 1121 1640 historiarum

119 1683 234 1725 suarum
259 1681 331 1742 quas
353 1666 461 1740 repetit
481 1664 517 1722 ab
540 1667 652 1742 origiue
674 1664 753 1723 urbis
774 1665 898 1742 quodam
913 1664 1059 1723 volumine
1078 1665 1121 1721 sic

119 1765 232 1807 orsum:
261 1749 331 1806 satis
349 1749 403 1806 iam
421 1747 476 1805 sibi
488 1749 601 1824 gloriae
619 1749 788 1826 quaesitum,
808 1758 837 1807 et
853 1750 984 1825 potuisse
997 1767 1029 1807 se
1044 1748 1119 1807 desi·

119 1831 208 1905 dere,
242 1833 269 1888 ni
293 1831 437 1890 animusiu
449 1834 548 1908 quiete
558 1841 728 1908 pasceretur
750 1848 851 1908 opere.
891 1830 1028 1889 Proiecto
1045 1832 1120 1888 euim

80 1914 220 1993 ²⁰populi
236 1915 362 1990 gentium
375 1916 493 1973 victoris
507 1924 535 1974 et
551 1913 671 1973 Romani
689 1914 810 1972 nominis
822 1914 946 1990 gloriae,
964 1930 1020 1971 uou
1037 1931 1118 1988 suae,

119 1999 313 2076 conposuisse
337 1997 385 2056 illa
404 1998 509 2056 decuit.
543 2001 632 2058 maius
648 1999 779 2057 meritum
796 2007 875 2056 esset
892 1998 990 2073 operis
1008 2014 1118 2072 amore,

116 2098 175 2141 non
192 2081 276 2140 animi
293 2098 391 2153 causa,
408 2100 629 2158 perseverasse,
648 2090 676 2141 et
691 2081 748 2141 boc
763 2082 873 2159 populo
891 2080 1021 2140 Romano
1034 2099 1118 2159 prae·

117 2167 244 2239 stitisse,
267 2180 324 2221 nou
340 2164 421 2236 sibit
435 2163 543 2240 Viginti
565 2166 641 2225 milia
664 2183 759 2224 rerum
779 2166 926 2243 dignarum
944 2183 1013 2224 cura
1032 2165 1160 2243 (quo-ll

116 2251 204 2323 niam,
216 2256 247 2306 ut
258 2248 296 2306 ait
307 2246 448 2306 Domitius
460 2247 538 2323 Piso,
552 2250 705 2309 thesauros
719 2258 834 2327 oportet
848 2267 927 2323 esse,
940 2266 997 2307 nou
1011 2249 1117 2328 libros)

80 2344 108 2384 ²⁵
119 2352 157 2392 ex
173 2332 302 2390 lectione
318 2330 492 2390 voluminum
509 2335 626 2392 circiter
643 2332 725 2392 duum
741 2333 864 2406 milium,
887 2349 1007 2409 quorum
1026 2349 1118 2408 pauca

116 2415 269 2476 admodum
293 2415 414 2473 studiosi
440 2417 579 2491 attingunt
602 2426 724 2493 propter
739 2424 884 2473 secretum
902 2415 1056 2486 materiae,
1081 2431 1118 2472 ex

117 2499 270 2577 exquisitis
283 2497 450 2556 auctoribus
463 2509 575 2557 centum
593 2499 758 2557 inclusimus
771 2499 886 2573 triginta
899 2515 952 2554 sex
968 2497 1117 2555 volumini·

115 2582 182 2657 bus,
200 2581 322 2640 adiectis
334 2581 423 2639 rebus
434 2580 568 2659 plurimis
584 2599 656 2660 quas
669 2591 715 2639 aut
728 2582 932 2657 ignoraverant
943 2582 1057 2658 priores
1071 2587 1118 2638 aut

115 2673 222 2744 postea
239 2664 388 2723 invenerat
403 2665 469 2722 vita.
497 2663 561 2722 Nec
577 2665 736 2724 dubitamus
752 2663 837 2723 multa
855 2683 922 2723 esse
936 2683 1010 2743 quae
1024 2674 1053 2723 et
1065 2674 1160 2729 uos18

78 2749 332 2828 sopraeterieriut.
363 2747 493 2807 homines
512 2750 586 2807 euim
599 2767 695 2807 sumus
712 2757 740 2807 et
756 2750 890 2826 occupati
907 2748 1028 2823 ciliciis,
1050 2747 1116 2807 sub·

115 2833 274 2910 sicivisque
291 2831 469 2910 temporibus
485 2834 538 2890 ista
556 2851 697 2905 curamus,
715 2832 742 2891 id
759 2841 803 2890 est
818 2835 973 2892 nocturnis.
1001 2851 1036 2889 ue
1054 2833 1117 2911 quis

113 2924 243 2975 vestrum
256 2925 335 2992 putet
350 2915 394 2974 bis
408 2924 551 2976 cessatum
565 2916 652 2975 horis.
670 2917 732 2975 dies
745 2916 829 2974 vobis
846 2917 1036 2993 inpendimus,
1053 2932 1116 2972 cum

113 3016 217 3059 somno
230 2999 422 3058 valetudinem
435 3008 632 3076 conputamus,
645 2999 693 3058 vel
703 2999 759 3058 boc
771 3000 835 3058 solo
848 3000 977 3078 praemio
991 2997 1117 3056 contenti

115 3083 205 3164 quod,
219 3083 283 3141 dum
296 3083 359 3151 ista,
379 3091 409 3140 ut
420 3084 457 3141 ait
469 3081 506 3141 ll.
520 3082 623 3155 Varro,
644 3085 825 3158 musinamur,
842 3083 972 3161 pluribus
984 3079 1063 3139 boris
1074 3081 1115 3136 vi·

77 3169 215 3227 acuimus.
234 3164 368 3242 proiecto
382 3167 454 3224 enim
469 3168 528 3225 vita
543 3167 641 3244 vigilia
658 3176 712 3226 est.
741 3167 851 3240 Quibus
864 3168 900 3226 de
918 3166 1012 3225 causis
1029 3173 1116 3240 atque
1128 3170 1158 3223 19

114 3247 333 3310 duilicultatibus
355 3249 423 3308 nibil
445 3268 515 3309 auso
539 3254 708 3329 promittere
732 3251 788 3311 boc
810 3253 902 3329 ipsum
927 3259 956 3308 tu
982 3256 1115 3325 praestas

114 3334 192 3413 quod
205 3332 242 3392 ad
253 3340 282 3390 te
298 3332 460 3393 scribimus.
479 3334 553 3394 baec
565 3336 668 3395 fiducia
683 3337 792 3413 operis,
804 3334 878 3393 baec
891 3343 935 3391 est
946 3332 1113 3391 indicatura.

113 3418 202 3477 multa
224 3415 310 3476 valde
333 3419 461 3496 pretiosa
483 3418 551 3478 ideo
566 3421 700 3480 videntur
718 3420 783 3497 quia
800 3426 864 3477 sunt
879 3415 993 3493 templis
1009 3415 1113 3476 dicata.
