2400 3856
309 181 391 229 uas.
409 181 500 230 ursa.
516 181 552 229 11.
580 179 666 232 7-8.
686 169 801 253 (5-6.)
1026 172 1066 233 69

68 337 166 399 talium
181 334 245 395 sola
256 345 404 414 utramque
421 336 555 415 paginam
569 336 647 412 iacit,
666 337 798 415 adeoque
814 337 958 398 obnoxiae
970 358 1066 399 snmus

67 422 171 496 sortis,
189 429 219 479 ut
235 435 300 479 sors
317 421 380 498 ipsa
397 437 451 497 pro
470 420 526 479 deo
543 420 595 495 sit,
614 437 670 497 qna
685 420 757 479 deus
772 421 910 498 probatur
927 424 1064 483 incertus.

66 505 138 566 Pars
159 503 216 564 alia
238 512 267 562 et
285 503 360 563 bano
384 503 467 580 pellit
487 511 624 581 astroque
639 519 692 562 suo
709 511 851 564 eventuus
863 506 996 582 adsignat
1016 524 1108 578 naqa

66 588 169 649 scendi
186 586 317 664 legibus,
340 587 491 665 semelque
513 588 540 644 in
556 586 776 647 omnesiuturos
791 606 923 667 umquam
941 590 998 649 deo
1015 592 1065 649 de·

44 681 195 747 sonetum,
221 673 251 729 in
268 671 411 750 reliquum
433 687 505 729 vero
523 671 610 728 otium
632 671 722 730 datur.
755 672 868 730 Sedere
886 673 984 750 coepit
1000 691 1065 732 sen·

63 757 154 819 tentia
170 756 262 829 haee,
285 756 453 833 pariterque
482 762 511 812 et
537 754 676 813 eruditum
689 752 795 829 vulgus
812 762 841 813 et
862 755 933 815 rude
954 757 983 814 in
1003 774 1066 814 earn

65 859 153 902 cursu
167 839 256 899 vadit.
286 837 367 897 Eece
384 837 528 914 fulgurum
545 838 695 910 moniturus,
711 837 895 897 oraculorum
908 840 1064 916 praescita,
1074 847 1109 900 24

65 924 251 1002 haruspicum
272 922 437 1000 praedicta,
463 930 549 1000 atque
572 922 657 980 etiam
680 938 769 999 parva
791 922 868 981 dictu
883 923 911 980 in
928 923 1065 999 auguriis,

61 1015 261 1069 sternumenta
284 1015 313 1065 et
334 1005 513 1065 offensiones
532 1005 648 1084 pedum.
680 1005 763 1065 divus
778 1005 926 1082 Augustus
941 1006 1067 1085 prodidit

35 1092 182 1161 tulaevurn
199 1089 254 1149 sibi
272 1090 402 1151 calceum
420 1099 612 1168 praepostere
627 1089 771 1150 inductum
787 1107 844 1170 quo
861 1091 907 1150 die
924 1090 1065 1150 seditione

64 1174 180 1237 militari
196 1190 289 1252 prope
305 1173 438 1232 addictus
456 1181 510 1231 est.
544 1171 625 1245 Quae
641 1173 753 1249 singula
768 1174 947 1253 inprovidam
962 1181 1108 1234 morta-25

65 1260 176 1320 litatem
190 1258 350 1333 involvunt,
367 1257 460 1316 solum
475 1265 505 1314 ut
520 1256 595 1314 inter
610 1257 664 1316 ista
678 1257 727 1316 vel
745 1267 855 1317 certum
868 1259 903 1317 sit
914 1258 983 1318 nihil
999 1277 1066 1318 esse

66 1343 141 1402 certi
156 1358 212 1400 nec
233 1341 386 1419 quicquam
407 1339 541 1399 miserius
555 1339 670 1399 bomine
690 1348 737 1399 aut
754 1341 919 1419 superbius.
952 1340 1067 1401 Ceteris

66 1426 177 1505 quippe
193 1425 374 1484 animantium
392 1423 456 1484 sola
468 1425 579 1483 vicinus
594 1440 662 1482 cura
679 1431 742 1499 est,
771 1425 799 1482 in
822 1440 879 1502 qno
897 1435 1001 1502 sponte
1017 1444 1066 1485 na·

33 1519 149 1570 uturae
166 1506 328 1584 benignitas
344 1507 461 1583 suifieit,
476 1524 533 1566 uno
550 1506 666 1585 quidem
682 1506 731 1565 vel
746 1507 941 1585 praeferenda
957 1511 1067 1567 cunetis

65 1592 167 1667 bonis,
191 1591 269 1670 quod
286 1592 323 1652 de
337 1592 447 1669 gloria,
465 1592 502 1651 de
518 1593 658 1669 pecunia,
674 1590 847 1666 ambitione,
864 1608 1012 1670 superque
1031 1592 1067 1649 de

65 1684 235 1737 mortemon
251 1676 387 1751 cogitant.
417 1674 526 1734 Verum
547 1675 575 1733 in
599 1673 645 1735 his
660 1674 733 1734 deos
755 1692 844 1751 agere
861 1691 959 1734 curam
973 1678 1110 1733 rerumbd

65 1760 251 1821 humanarum
269 1759 349 1818 credi
365 1777 403 1840 ex
419 1776 473 1818 usu
488 1759 565 1817 vitae
582 1766 644 1833 est,
665 1774 834 1836 poenasque
850 1758 1001 1817 maleliciis
1017 1758 1066 1816 ali-

67 1843 183 1922 quando
207 1860 289 1901 seras
306 1850 449 1920 occupato
472 1842 528 1901 deo
546 1843 667 1900 intanta
688 1841 783 1916 mole,
807 1858 957 1918 numquam
973 1849 1068 1900 autem

32 1927 167 1986 aoinriias
183 1944 266 2000 esse,
282 1943 338 1984 nec
353 1925 423 1985 ideo
441 1924 602 2002 proximum
623 1923 664 1983 illi
681 1925 808 2001 genitum
823 1923 967 1985 bominem
983 1932 1011 1982 ut
1025 1926 1066 1981 vi-

66 2010 148 2070 litate
162 2010 240 2069 iuxta
258 2007 360 2068 beluas
376 2018 465 2069 esset.
494 2008 680 2088 inperfectae
695 2025 767 2068 vero
784 2009 811 2067 in
823 2008 937 2069 homine
950 2009 1109 2069 naturaeb'l

65 2092 225 2173 praecipua
241 2091 354 2169 solatia,
373 2110 409 2153 ne
425 2093 509 2153 deum
524 2093 640 2172 quidem
655 2108 745 2171 posse
761 2093 865 2169 omnia,
882 2127 925 2141 -
944 2110 1067 2171 namque

64 2194 122 2237 nec
146 2175 202 2235 sibi
223 2184 321 2254 potest
340 2185 462 2236 mortem
483 2177 688 2251 consciscere,
711 2176 735 2235 si
754 2175 841 2253 velit,
864 2176 941 2257 quod
961 2177 1068 2238 bomini

65 2258 147 2319 dedit
173 2259 310 2336 optimum
327 2261 355 2318 in
372 2261 457 2319 tantis
471 2262 548 2320 vitae
574 2261 694 2338 poenis,
721 2276 776 2319 nec
789 2260 930 2321 mortales
944 2261 1067 2320 aeterni-

30 2361 56 2403 as
65 2350 127 2403 tate
143 2341 253 2402 donare
275 2351 323 2402 aut
343 2360 486 2402 revocare
502 2343 672 2418 defunctos,
695 2360 751 2402 nec
766 2343 867 2402 iacere
887 2351 917 2402 ot
933 2344 981 2419 qui
998 2344 1069 2401 vixit

65 2442 125 2484 non
138 2425 260 2501 vixerit,
288 2427 335 2504 qui
352 2426 479 2486 honores
494 2427 587 2502 gessit
603 2442 661 2485 non
675 2425 820 2501 gesserit,
837 2456 878 2470 -
902 2424 1068 2503 nullumque

64 2507 178 2568 babere
199 2509 228 2566 iu
250 2511 408 2587 praeterita
432 2510 475 2568 ius
497 2517 702 2587 praeterquam
719 2506 890 2582 oblivionis,
913 2516 999 2585 atque
1023 2506 1068 2583 (ut

64 2591 172 2652 facetis
186 2608 302 2671 qnoque
318 2594 493 2670 argumentis
511 2592 638 2651 societas
653 2590 727 2650 haee
745 2607 809 2650 curn
826 2589 882 2650 deo
899 2591 1067 2669 copuletur)

65 2682 96 2734 ut
111 2673 160 2734 bis
181 2674 255 2736 dena
275 2676 377 2754 viginti
401 2694 458 2736 non
478 2677 533 2736 sint
554 2684 601 2737 aut
617 2675 704 2735 multa
726 2674 858 2734 similiter
874 2674 995 2735 eilioere
1011 2692 1069 2735 non

30 2773 173 2840 esposse,
196 2775 250 2837 per
266 2777 342 2837 quae
358 2760 521 2820 declaratur
535 2758 603 2820 bani
619 2758 706 2819 dubie
723 2767 842 2820 naturae
860 2760 1004 2839 potentia,
1027 2760 1068 2820 id-

65 2859 124 2923 que
141 2841 210 2901 esse
227 2842 305 2920 quod
323 2842 407 2904 deum
423 2861 573 2904 vocemus.
604 2842 635 2903 ln
650 2844 725 2903 baeo
741 2843 894 2904 divertisse
910 2861 968 2904 non
983 2843 1069 2903 fuerit

64 2925 203 3000 alienum,
221 2925 337 3002 vulgata
353 2936 473 3006 propter
490 2928 638 2988 adsiduam
655 2927 855 3006 quaestionem
870 2928 907 2988 de
923 2928 990 2987 deo.

127 3007 157 3070 8.
178 3008 241 3088 (6.)
258 3008 332 3070 Hinc
351 3011 505 3071 redeamus
520 3010 557 3070 ad
572 3012 685 3089 reliqua
702 3019 831 3072 naturae.
857 3011 978 3086 Sidera,
995 3013 1111 3087 quaene

64 3091 161 3153 adfixa
177 3092 300 3152 diximus
314 3094 435 3170 mundo,
459 3111 516 3154 non
531 3093 597 3169 illa,
615 3102 645 3153 ut
660 3095 809 3154 existimat
827 3093 948 3172 vulgus,
972 3093 1110 3168 singu-ao

32 3173 103 3234 aslis
125 3174 261 3236 attributa
282 3175 384 3251 nobis,
414 3186 443 3237 et
464 3176 543 3238 clara
566 3176 717 3253 divitibus,
744 3179 853 3257 minora
879 3174 1067 3256 pauperihus,

67 3256 194 3317 obscura
211 3258 353 3336 deiectis,
372 3277 407 3318 ao
422 3277 475 3338 pro
492 3268 572 3320 sorte
589 3260 728 3340 cuiusque
744 3260 870 3321 lucentia
885 3260 1068 3320 adnumerata

65 3340 248 3418 mortalibus,
267 3360 323 3402 nee
339 3360 402 3403 eum
418 3361 470 3404 suo
487 3361 620 3423 quaeque
635 3344 752 3403 bomine
768 3353 830 3404 orta
846 3344 1003 3403 moriuntur
1014 3360 1069 3402 neo

64 3423 196 3503 aliquem
218 3426 364 3502 exstingui
388 3426 510 3487 decidua
532 3428 704 3504 significant.
736 3425 802 3486 Non
823 3436 900 3488 tanta
922 3426 1005 3487 eaelo
1023 3439 1111 3494 so-29
