2400 3856
60 230 65 237 .
142 179 204 245 246
485 196 517 260 o.
540 197 634 243 antur
658 195 807 243 sacuam

143 348 376 410 Characenorum
398 350 463 427 regi
483 358 567 426 paret
592 352 621 410 in
639 349 793 427 Pasitigris
810 352 891 428 ripa,
911 349 1003 410 Forat
1025 351 1152 427 nomine,

142 438 171 493 in
192 432 269 511 qnod
290 432 411 494 aPetra
434 435 627 510 conveniunt,
650 432 857 513 characenque
879 435 944 494 inde
962 434 1018 495 Xll
1040 433 1069 493 Μ
1091 454 1174 514 pas·

143 535 224 575 suum
247 517 375 578 secundo
397 527 480 579 aestu
504 519 649 594 navigant.
680 537 698 578 e
719 517 853 578 Parthico
873 526 968 579 autern
989 537 1083 597 regno
1106 537 1152 579 na·

142 602 307 676 rigantibus
336 603 417 662 uicus
442 601 586 679 Teredon.
624 602 698 662 inira
717 601 912 662 conllnentem
938 601 1097 680 Euphratis
1124 611 1152 664 et

142 684 240 762 Tigris
255 685 338 745 laeva
350 685 472 746 lluminis
486 684 623 746 Chaldaei
641 688 790 764 optinent,
806 686 908 747 dextra
919 685 1066 746 Nomades
1083 686 1152 748 Sce-
1170 701 1181 743 e

91 767 142 822 146
152 772 239 830 uitae.
277 770 391 848 qnidam
417 779 448 831 et
474 771 528 830 alia
555 770 612 829 duo
634 770 740 848 oppida
766 770 862 848 longis
886 770 1049 832 intervallis
1071 770 1152 848 Tigri

141 855 344 932 praenavigari
358 854 483 931 tradunt,
498 853 670 931 Barbetium,
683 872 751 913 mox
762 853 941 931 Dumatham,
957 855 1035 933 quod
1046 854 1152 915 abesse

141 937 261 998 aPetra
282 939 394 999 dierum
414 939 443 999 X
463 938 651 1016 navigatione
662 981 671 1014 ,
699 938 808 1016 (nostri
829 940 1034 1016 negotiatores
1055 939 1153 1000 dieunt

142 1018 374 1082 Characenorum
394 1024 458 1100 regi
469 1022 605 1100 parere),
621 1031 652 1081 et
666 1021 824 1101 Apameam
839 1024 922 1083 sitam
939 1023 987 1082 ubi
1003 1031 1152 1101 restagna-

141 1107 183 1164 tio
198 1104 354 1184 Euphratis
368 1125 431 1165 cum
447 1106 527 1182 Tigri
542 1105 677 1166 conllnat.
712 1108 810 1184 itaque
832 1106 987 1167 molientes
1010 1108 1186 1167 incursio-10

91 1188 218 1248 147ηοηι
239 1188 362 1249 Parthos
384 1189 524 1268 operibus
547 1190 673 1250 obiectis
694 1191 881 1252 inundatione
898 1192 1000 1250 arceri.
1038 1189 1152 1251 Nnuca

142 1271 271 1331 Charace
293 1272 421 1332 dicemus
440 1291 520 1336 oram
536 1273 680 1353 Epiphani
696 1276 816 1352 primum
838 1275 1023 1352 exquisitam.
1057 1272 1151 1335 Locus

141 1355 189 1415 nbi
217 1354 373 1433 Euphratis
400 1359 504 1418 ostium
529 1359 600 1436 fnit,
634 1358 740 1418 llumen
769 1358 897 1434 Salsum,
925 1360 1153 1434 promunturium

141 1436 309 1516 Chaldone,
326 1443 458 1519 voragini
476 1442 597 1501 similius
613 1461 695 1520 quarn
711 1444 782 1502 rnari
803 1461 858 1520 per
880 1441 901 1501 b
921 1440 950 1501 Μ
970 1460 1049 1519 pass.
1070 1459 1152 1518 orae,

141 1524 246 1584 humen
261 1524 429 1602 Achenum,
444 1526 560 1586 deserta
574 1525 596 1585 C
610 1526 639 1585 Μ
657 1545 733 1605 pass.
749 1525 888 1604 usquead
904 1525 1025 1585 insulam
1037 1524 1185 1603 Barnm,u

140 1610 220 1667 ainus
233 1606 349 1686 Capeus
365 1627 450 1687 quern
465 1609 598 1669 accolunt
614 1608 762 1688 Gaulopes
785 1618 815 1668 et
831 1607 962 1685 Gattaei,
981 1611 1061 1668 sinus
1081 1608 1151 1669 Ger-

141 1691 267 1767 rhaicus,
285 1692 421 1771 oppidum
438 1692 548 1752 Gerrha
565 1691 592 1750 V
607 1691 636 1752 ll
652 1711 729 1771 pass.
747 1692 933 1771 amplitudine
948 1700 1045 1752 turres
1063 1693 1152 1753 habet

90 1778 190 1836 148ex
214 1775 284 1835 salis
304 1777 451 1854 quadratis
478 1777 612 1837 molibus.
653 1775 680 1834 A
704 1775 833 1837 litoreL
859 1774 889 1834 ll
910 1793 1046 1853 passuum
1066 1778 1150 1854 regio

139 1854 258 1920 Attene.
294 1880 333 1920 ex
351 1861 476 1920 aduerso
499 1860 594 1936 Tyros
617 1861 711 1920 insula
731 1860 852 1920 totidem
874 1859 989 1919 milibus
1011 1877 1028 1919 a
1051 1859 1151 1936 litora,

139 1944 269 2023 plurimis
285 1946 449 2020 margaritis
461 1945 655 2005 celeberrima
668 1963 732 2004 cum
747 1945 855 2022 oppido
868 1943 998 2004 eiusdem
1014 1945 1151 2019 nominis,
1163 1959 1185 1998 ao

138 2031 276 2106 iuxtaque
293 2029 385 2088 altera
404 2031 497 2089 minor
516 2047 532 2087 a
550 2030 748 2106 promunturio
765 2030 829 2088 eius
844 2028 899 2088 Xll
915 2026 989 2095 ΜΙ)Ι
1006 2045 1149 2104 passuum.

139 2111 213 2170 ultra
229 2130 347 2189 magnas
368 2111 478 2190 adspici
500 2112 608 2170 insulas
625 2111 740 2170 tradunt
755 2112 790 2172 ad
809 2130 881 2190 quas
896 2129 953 2171 non
971 2111 1011 2170 sit
1024 2128 1149 2189 perven-

139 2201 215 2270 tum,
242 2195 326 2255 huius
346 2195 454 2255 ambitu
476 2192 555 2254 CXII
574 2193 604 2252 Μ
624 2193 650 2252 D
672 2212 816 2273 passuum.
845 2214 861 2255 a
887 2194 1010 2255 Perside
1033 2195 1150 2272 longius

139 2296 226 2355 esse,
247 2278 318 2339 adiri
339 2296 397 2339 uno
418 2279 503 2339 alveo
524 2287 657 2357 angusto.
692 2278 789 2339 Insula
810 2278 945 2353 Ascliae,
966 2287 1075 2356 gentes
1092 2278 1150 2339 No·

139 2362 233 2440 cheti,
248 2361 368 2440 Zarani,
389 2362 537 2441 Borgodi,
556 2363 722 2440 Catharrei,
739 2362 901 2439 Nomades,
919 2361 1024 2422 ilumen
1040 2360 1149 2440 Cynos.
1162 2376 1184 2417 25

88 2447 139 2503 ltil
152 2445 235 2506 Ultra
256 2449 471 2524 navigationem
492 2451 691 2526 inconpertam
711 2447 748 2507 ab
771 2465 808 2508 eo
830 2446 922 2507 latere
944 2454 1071 2524 propter
1086 2464 1150 2507 sco·

139 2530 224 2606 pulos
249 2530 336 2589 tradit
357 2531 427 2591 luba
450 2534 657 2609 praetermissa
683 2533 832 2591 mentione
854 2529 953 2608 oppidi
976 2528 1149 2590 Omanorum

138 2613 348 2674 Batrasavaves
381 2624 411 2674 et
437 2615 580 2689 Omanae,
613 2615 689 2691 quod
715 2616 830 2692 priores
857 2614 1006 2674 celebrem
1035 2623 1150 2692 portum

139 2695 308 2757 Carmaniae
326 2698 443 2774 iecere,
465 2701 534 2758 item
553 2697 682 2758 Homnae
703 2707 733 2758 et
748 2698 888 2775 Attanae,
909 2716 985 2778 quae
1007 2716 1083 2758 nunc
1099 2716 1149 2776 op·

139 2779 204 2858 pida
227 2781 350 2841 maxime
373 2782 516 2842 celebrari
545 2800 562 2841 a
582 2781 702 2841 Persico
725 2783 796 2842 mari
826 2784 918 2842 nostri
946 2783 1182 2858 negotiatoresa

138 2864 245 2925 dicunt.
268 2864 295 2923 A
312 2864 426 2924 tlumine
443 2862 540 2941 Canis,
557 2873 586 2924 ut
601 2865 682 2939 Iuba,
694 2882 775 2924 mons
790 2868 892 2927 adusto
908 2865 1018 2925 similis.
1042 2875 1149 2942 gentes

138 2947 368 3026 Epimaranitae,
386 2965 454 3008 mox
469 2947 695 3026 ichthyophagi,
712 2948 804 3008 insula
819 2949 954 3026 deserta,
971 2957 1080 3025 gentes
1097 2949 1149 3009 Ea·

139 3031 236 3108 thymi.
263 3032 417 3109 Eblythaei
432 3041 558 3110 montes,
570 3032 664 3092 insula
678 3031 843 3109 Omoemus,
859 3040 961 3110 portus
974 3031 1149 3109 blochorbe,

89 3116 262 3177 rabiosulas
285 3116 441 3194 Etaxalos,
468 3116 676 3191 lnohobricae,
698 3135 772 3194 gens
793 3113 909 3177 Cadaei.
948 3116 1061 3177 insulae
1085 3117 1149 3177 sine

139 3202 302 3261 nominibus
317 3201 439 3276 multae,
458 3199 595 3260 celebres
614 3216 687 3259 vero
703 3199 803 3276 lsura,
820 3199 951 3260 Rhinnea
968 3208 998 3259 et
1014 3202 1149 3276 proxima
1160 3212 1182 3252 tt

138 3287 236 3363 inqua
254 3287 379 3362 scriptae
393 3291 458 3343 sunt
471 3283 565 3343 stelae
577 3283 709 3360 lapideae
726 3284 832 3344 litteris
844 3284 1012 3361 incognitis,
1026 3280 1149 3344 Coboea

138 3377 259 3445 portus,
274 3367 385 3444 Bragae
401 3367 511 3428 insulae
523 3367 677 3442 desertae,
693 3385 767 3444 gens
779 3366 927 3443 Taludaei,
943 3365 1149 3443 Dabanegoris

139 3453 242 3528 regio,
256 3469 338 3510 mons
355 3449 427 3510 Orsa
448 3469 511 3510 cum
530 3458 634 3528 portu,
656 3452 736 3510 sinus
750 3450 875 3529 Duatas,
895 3449 1007 3510 insulae
1029 3452 1150 3530 multae,
