2400 3856
322 191 403 240 unu.
426 192 517 240 ursa.
541 192 575 238 v.
598 177 894 258 aa-ar.(21-aa.)'
1044 173 1108 240 203

94 344 277 424 Casyponis,
299 344 421 422 lllopsos
442 344 565 405 liberum
580 344 705 422 Pyramo
726 347 901 424 inpositum,
923 344 1033 422 Pyros,
1054 343 1108 405 Ze·

95 430 244 508 phyriom,
267 428 420 489 Anchiale.
471 447 569 489 amnes
586 429 693 507 Saros,
715 428 831 506 Cydnus
852 429 971 490 Tarsum
987 429 1108 490 liberam
1124 431 1159 485 92

95 512 197 573 urbem
215 513 317 592 procul
334 513 435 572 amari
451 530 564 572 secans.
589 514 675 590 regio
692 512 888 574 Celenderitis
905 531 968 574 cum
987 513 1107 590 oppido,

95 596 177 656 locus
193 595 409 676 Nymphaeum,
425 594 516 657 Soloe
532 594 644 671 Cilicii,
659 615 734 657 nunc
749 596 981 676 Pompeiopolis,
997 595 1108 672 Adana,

59 690 73 731 o
98 678 224 758 Cibyra,
239 680 361 757 Pinare,
378 679 516 757 Pedalie,
533 679 601 758 Ale,
617 679 744 758 Selinus,
761 680 907 757 Arsinoe,
923 679 1036 756 Thebc,
1050 679 1110 738 Do·

95 766 158 839 rio,
175 766 314 844 iuxtaque
330 782 411 824 mara
428 761 577 842 Corycos,
593 764 697 825 eodem
711 765 827 824 nominc
845 764 980 843 oppidum
996 771 1025 821 ct
1043 779 1109 840 por·

97 862 143 906 ms
167 856 198 907 et
214 866 330 927 specus.
368 865 437 908 mox
455 847 559 908 llumen
583 845 780 926 Calycadnus,
800 849 1027 925 promunturium
1043 845 1110 905 Sar-

95 931 210 1007 pedon,
239 931 345 1011 oppida
368 931 509 1009 Holmoe,
536 931 631 1008 Myle,
661 932 888 1010 promunturium
914 938 945 991 et
973 930 1109 1009 oppidum

95 1014 223 1075 Veneris
250 1033 265 1076 a
292 1032 350 1094 quo
377 1017 510 1095 proxime
537 1012 650 1094 Cyprus
677 1015 780 1075 insula.
823 1015 875 1075 sed
898 1017 927 1074 in
948 1016 1108 1074 continenti
1125 1016 1160 1070 93

56 1110 82 1149 10
97 1099 202 1178 oppida
219 1097 373 1177 Mysanda,
389 1100 594 1178 Anemurium,
616 1097 820 1176 Coracesium,
836 1099 959 1177 finisque
975 1099 1109 1176 antiquos

96 1181 216 1243 Ciliciae
237 1182 330 1244 Melas
354 1185 454 1244 amnis.
499 1185 578 1243 intus
599 1191 695 1245 autem
716 1182 830 1244 dicendi
853 1182 1036 1243 Anazarbeni
1060 1182 1109 1260 qui

95 1285 170 1327 nunc
190 1265 353 1344 Caesarea,
380 1272 526 1345 Augusta,
548 1265 720 1345 Castabola,
748 1266 908 1347 Epiphania
929 1283 1002 1344 quae
1024 1275 1110 1325 antea

96 1349 279 1428 Oeniandos,
302 1349 429 1427 Eleusa,
450 1351 595 1427 leonium,
624 1350 759 1411 Seleucia
780 1369 867 1429 supra
893 1369 1003 1411 amnem
1026 1349 1110 1426 Caly·

96 1434 215 1494 cadnum
233 1432 405 1494 Tracheotis
423 1436 613 1512 cognomine,
636 1452 652 1494 a
673 1436 744 1493 mari
766 1434 859 1494 relata
879 1434 928 1493 ubi
952 1435 1110 1493 vocabatur

57 1528 82 1570 15
97 1516 222 1577 hermia.
266 1527 423 1596 praeterea
446 1520 524 1579 intus
542 1517 656 1577 llumina
673 1516 804 1596 Liparis,
828 1515 972 1594 Bombos,
995 1516 1110 1576 Paradi-

97 1620 147 1662 sos
154 1646 165 1680 ,
179 1619 263 1662 mons
277 1602 418 1662 Imbarus.

161 1707 245 1790 (23.)
262 1708 382 1772 Ciliciae
398 1710 594 1790 Pamphyliam
611 1729 711 1773 omnes
728 1712 851 1771 iunxere
866 1709 1001 1788 neglecta
1019 1717 1109 1787 gente
1126 1717 1162 1769 94

97 1793 235 1854 Isaurica.
270 1796 376 1874 oppida
391 1798 455 1855 eius
469 1796 545 1856 intus
561 1795 677 1873 Isaura,
694 1792 848 1872 Clibanus,
863 1793 984 1855 Lalasis.
1008 1794 1110 1854 decur-

57 1907 83 1946 20
100 1878 135 1936 rit
151 1886 247 1938 autem
259 1879 293 1939 ad
305 1897 385 1941 mare
396 1879 537 1940 Anemuri
552 1899 568 1941 e
582 1881 706 1957 regione
719 1896 806 1957 supra
821 1878 899 1957 dicti.
924 1879 1009 1939 simili
1024 1877 1110 1937 modo
1123 1902 1146 1938 ss

98 1961 230 2021 omnibus
251 1964 300 2041 qui
320 1964 421 2025 eadem
444 1981 631 2042 conposuere
651 1965 784 2041 ignorata
804 1972 850 2022 est
871 1963 1050 2023 contermina
1069 1960 1111 2020 illi

96 2063 170 2122 gens
193 2044 368 2108 Omanadum
395 2065 516 2127 quorum
535 2049 612 2108 intus
637 2046 773 2127 oppidum
792 2045 907 2106 Omana.
950 2054 1050 2107 cetera
1066 2062 1112 2106 ca-

99 2129 185 2190 stella
200 2129 308 2192 Xbllll
323 2134 401 2194 inter
418 2150 539 2212 asperas
555 2132 704 2192 convalles
718 2130 821 2191 latent.

160 2228 245 2311 (24.)
270 2231 401 2294 Insident
428 2234 569 2293 verticem
588 2231 704 2294 Pisidae
732 2232 875 2311 quondam
895 2231 1034 2310 appellati
1059 2228 1112 2291 So-

98 2315 184 2392 lymi,
211 2333 333 2392 quorum
353 2316 472 2377 colonia
492 2313 656 2392 Caesarea,
683 2316 785 2376 eadem
809 2315 974 2389 Antiochia
1006 2314 1112 2394 oppida
1171 2312 1176 2320 ’

47 2425 84 2496 '25
100 2397 250 2474 Oroanda,
268 2398 455 2476 Sagalassos.

161 2494 245 2577 (25.)
267 2497 329 2557 llos
350 2498 470 2559 includit
488 2498 634 2574 Lycaonia
656 2500 685 2558 in
705 2497 863 2559 Asiaticam
884 2497 1112 2558 iurisdictionem
1128 2502 1163 2558 bb

97 2600 204 2658 versa,
220 2601 284 2643 cnm
301 2601 356 2661 qua
373 2584 552 2643 conveniunt
566 2581 827 2659 Philomelienses,
843 2581 1025 2659 Tymbriaui,
1039 2579 1112 2642 heu·

98 2666 211 2745 colithi,
228 2666 362 2743 Pelteni,
378 2665 546 2742 Tyrienses.
580 2665 672 2729 Datur
686 2674 716 2726 et
732 2665 889 2727 tetrarchia
904 2684 943 2725 ex
956 2664 1114 2742 Lycaonia,

101 2769 156 2827 qua
176 2759 260 2828 parte
284 2748 414 2811 Galatiae
436 2750 616 2812 contermina
639 2758 703 2827 est,
732 2750 889 2811 civitatium
911 2748 1012 2828 Xllll,
1039 2749 1114 2810 urbe

61 2857 86 2895 ao
102 2834 297 2896 celeberrima
319 2834 430 2896 loonio.
466 2833 563 2914 lpsius
583 2832 746 2910 Lycaoniae
772 2833 958 2897 celebrantur
979 2833 1113 2894 Thebasa

99 2920 129 2977 in
145 2917 260 2996 Tauro,
278 2919 330 2980 lde
351 2920 380 2978 in
396 2918 522 2979 confinio
544 2917 673 2979 Calatiae
693 2928 780 2998 atque
797 2916 1009 2997 Cappadociae.
1042 2916 1114 2977 ala·

99 3011 164 3062 tere
180 3010 275 3062 autem
291 3004 355 3063 eins
372 3021 462 3081 super
477 3000 673 3080 Pamphyliam
688 3004 808 3064 veniunt
823 3002 963 3065 Thracum
979 2999 1113 3077 soboles,

97 3084 224 3162 Milyae,
247 3103 368 3165 qnorum
385 3084 540 3162 Arycanda
559 3086 706 3165 oppidum.

168 3191 252 3274 (26.)
278 3192 445 3273 Pamphylia
476 3202 562 3255 antea
583 3193 739 3276 Mopsopia
761 3195 907 3274 appellata
932 3204 987 3255 est.
1033 3211 1114 3254 mare
1130 3200 1165 3256 96

59 3301 84 3340 aa
99 3278 296 3358 Pamphylium
321 3277 425 3339 Cilicio
446 3280 582 3356 iungitur.
629 3280 734 3359 oppida
755 3280 824 3339 Side
848 3288 878 3351 et
904 3280 934 3338 in
955 3286 1053 3338 monte
1075 3277 1115 3338 A·

100 3363 251 3441 spendum,
264 3361 483 3441 Plautauistum,
496 3362 599 3441 Perga.
621 3365 849 3442 promunturium
861 3361 1007 3423 leucolla.
1031 3379 1114 3423 mons

102 3445 293 3510 Sardemisus.
336 3465 435 3509 amnes
449 3445 637 3525 Eurymedon
653 3449 733 3509 iuxta
749 3447 918 3526 Aspendum
935 3445 1044 3527 linens,
1063 3445 1116 3508 Ca·
