2400 3856
353 203 434 253 aaa.
449 204 541 253 insu.
561 204 609 250 v1.
631 197 672 249 ao.
691 188 766 270 (aa.)
1004 184 1067 249 255

58 359 218 438 elephanti.
256 363 285 418 at
308 374 346 418 ex
366 356 485 418 Africae
514 365 597 435 parte
620 356 785 434 Tonobari,
809 355 995 435 Ptoenphac,
1018 356 1066 433 qui

58 461 158 504 canem
174 458 229 521 pro
245 459 320 519 rege
334 440 459 516 habent,
480 449 558 500 motu
575 442 638 500 cius
658 442 779 519 imperia
797 449 990 519 augurantes,
1012 439 1067 500 Ha·

59 526 139 587 rusbi
153 524 261 605 oppido
274 525 363 602 longe
375 524 411 584 ah
420 523 487 584 Nilo
501 525 568 583 sito.
592 532 695 603 postea
707 524 896 601 Archisarmi,
908 524 1067 602 Phalliges,

57 609 228 687 Marigarri,
251 606 426 668 Chasamari.
463 608 538 668 Bion
556 616 586 668 et
602 608 656 668 alia
673 609 780 687 oppida
795 611 824 668 in
841 608 942 668 insulis
958 607 1055 684 tradit,
1068 611 1118 664 193

24 709 38 749 5
59 712 75 753 a
91 692 253 753 Sembobiti
263 691 385 752 Meroen
397 710 501 751 versus
514 691 624 752 dierum
640 700 702 752 toto
716 695 820 752 itinere
831 692 895 753 XX.
918 693 1068 768 proximae

59 777 171 836 insulae
190 777 326 854 oppidum
344 775 586 836 Semberritarum
608 777 661 836 sub
677 777 796 853 regina,
818 783 848 835 et
870 775 946 835 aliud
963 774 1068 850 Asara,

59 860 180 922 alterius
202 860 339 938 oppidum
360 859 487 922 Darden.
530 861 643 920 tertiam
664 859 790 919 Medoen
811 867 933 935 vocant,
961 862 990 917 in
1014 877 1069 937 qua

60 944 196 1023 oppidum
208 942 290 1003 Asel.
316 951 446 1022 quartam
460 944 563 1004 eodem
576 962 633 1021 quo
649 942 785 1021 oppidum
796 945 912 1002 nomine
925 941 1068 1003 Garodeo.

59 1028 126 1088 inde
142 1046 196 1105 per
211 1029 290 1105 ripas
308 1028 414 1106 oppida
431 1027 543 1102 Nautis,
561 1026 684 1103 Madum,
701 1026 881 1102 Demadatin,
899 1026 1068 1100 Secundum,

20 1129 46 1170 ιο
61 1109 210 1189 Collocat,
234 1111 384 1187 secanda,
405 1110 571 1172 Navectahe
592 1128 654 1170 cum
676 1127 748 1188 agro
766 1109 922 1188 Psegipta,
947 1106 1070 1168 Candra·
1107 1151 1108 1154 ,

59 1197 141 1273 gori,
157 1194 298 1261 Arabam,
314 1194 498 1255 Summarum.
527 1194 623 1272 Regio
638 1212 724 1271 supra
742 1194 896 1271 Sirbitum,
912 1194 961 1254 ubi
984 1194 1121 1253 uest-19⁴

60 1287 275 1353 mammantes,
294 1278 446 1338 traditura
464 1278 631 1354 quibusdam
647 1278 756 1338 habere
772 1281 930 1338 maritimos
948 1278 1069 1338 Aethio-

60 1380 129 1441 pas,
145 1359 326 1438 Nisicathas,
344 1359 464 1436 Nisitas,
480 1360 556 1437 quod
572 1362 716 1438 significat
731 1369 842 1420 ternum
859 1370 889 1420 et
900 1372 1070 1439 quaternum

61 1445 209 1505 oculorum
223 1445 317 1521 viros,
332 1461 389 1503 non
402 1445 467 1521 quia
484 1446 527 1502 sio
541 1447 615 1520 sint,
631 1445 684 1504 scd
699 1445 765 1521 quia
782 1447 897 1520 sagittis
912 1449 1070 1524 praecipua

22 1527 308 1606 incontemplatione
329 1535 450 1586 utantur.
488 1528 523 1586 ab
547 1546 582 1587 ea
605 1545 677 1587 vero
702 1536 784 1604 parte
806 1527 864 1586 Nili
886 1546 960 1606 quae
982 1545 1070 1604 supra

61 1612 166 1688 Syrtes
190 1613 316 1672 maiores
335 1628 530 1688 oceanumque
552 1611 738 1670 meridianum
760 1611 942 1687 protenditur
965 1610 1069 1670 Dalion

61 1695 208 1755 Vacathos
225 1714 293 1755 csse
308 1695 377 1755 dicit
393 1694 491 1773 pluvia
507 1703 613 1753 tantum
626 1712 698 1772 aqua
715 1702 831 1754 utentes
848 1693 981 1772 Cisoros,
995 1693 1071 1755 Lou-

61 1796 192 1857 goporos
204 1779 240 1840 ab
253 1778 436 1839 Oecalicibus
447 1777 557 1837 dierum
573 1778 598 1835 V
610 1780 727 1853 itinere,
739 1776 925 1853 Usibalchos,
942 1778 1069 1856 labelos,

61 1862 213 1939 Perusios,
225 1862 346 1939 Ballios,
360 1860 488 1940 Cispios.
520 1862 632 1939 reliqua
645 1863 773 1923 deserta.
804 1863 870 1922 dein
885 1862 1059 1938 fabulosius,
1071 1863 1120 1915 195

23 1963 49 2004 ao
63 1946 97 2006 ad
117 1946 297 2006 occidentem
319 1964 423 2005 uersus
440 1944 568 2022 Nigroe,
589 1964 709 2022 quorum
728 1965 783 2005 rex
807 1964 891 2006 unum
913 1945 1025 2006 oculum
1040 1947 1070 2004 in

62 2032 159 2090 fronte
183 2029 304 2105 haheat,
325 2029 508 2108 Agriophagi
533 2031 733 2107 pantherarum
758 2038 788 2089 et
810 2029 926 2090 leonum
946 2031 1069 2088 maxime

63 2113 197 2173 carnibus
219 2115 370 2190 viventes,
396 2112 553 2192 Pamphagi
575 2115 668 2173 omnia
695 2113 881 2190 mandentes,
904 2113 1070 2191 Anthropo-

62 2196 149 2275 phagi
168 2197 287 2257 humana
304 2216 390 2257 carne
406 2207 580 2274 vescentes,
597 2196 766 2274 cynamolgi
788 2199 897 2258 caninis
913 2198 1070 2275 capitibus,

63 2278 247 2339 Artahatitae
270 2281 482 2358 quadripedes,
512 2280 638 2341 ferarum
658 2281 744 2340 modo
767 2283 842 2359 vagi.
886 2281 991 2342 deinde
1013 2280 1069 2339 lle-

24 2377 50 2418 ao
64 2363 195 2440 sperica,
210 2362 340 2438 Perorsi,
357 2380 431 2440 quos
450 2365 479 2421 in
491 2361 687 2422 Mauretaniae
701 2365 827 2423 conluuio
844 2364 976 2422 diximus.
1000 2363 1120 2432 Pansam

63 2445 202 2524 quaedam
217 2444 396 2523 Aethiopum
417 2445 540 2504 locustis
556 2454 663 2505 tantum
679 2447 750 2504 vivit
766 2447 843 2506 fumo
862 2455 891 2505 et
909 2447 970 2505 sale
989 2446 1071 2504 dura-

64 2531 101 2589 tis
128 2530 155 2587 in
179 2546 270 2589 annua
291 2529 436 2589 alimenta.
471 2528 500 2588 hi
524 2529 773 2607 quadragesimum
795 2548 896 2588 annum
915 2531 991 2588 vitae
1013 2546 1069 2587 non

64 2611 217 2674 excedunt.
249 2613 426 2692 Aethiopum
442 2621 549 2672 terram
565 2616 727 2673 universam
742 2631 804 2673 curn
819 2614 888 2673 mari
900 2614 1001 2674 Rubro
1015 2630 1061 2690 pa·
1074 2623 1121 2675 196

65 2704 129 2756 tere
143 2697 172 2756 in
188 2696 396 2774 longitudinem
414 2699 493 2779 bsx-q
509 2695 588 2758 LXX
603 2696 660 2755 mil.
680 2715 831 2774 passuum,
851 2699 879 2756 in
894 2698 1071 2758 latitudinem

26 2794 51 2835 oo
66 2798 127 2839 cum
147 2784 301 2858 superiore
320 2780 460 2860 Aegypto
481 2782 544 2864 Ιῖζῖη
559 2779 667 2840 xcvii
688 2780 716 2839 M
732 2781 863 2860 Agrippa
885 2783 1070 2842 existimavit.

65 2863 178 2941 quidam
202 2864 410 2941 longitudinem
431 2866 470 2924 ita
491 2865 667 2924 diviserunt:
694 2884 708 2923 a
735 2864 838 2926 Meroe
858 2865 996 2925 Sirbitum
1016 2864 1070 2923 Xll

64 2947 173 3006 dierum
189 2950 413 3024 navigationem,
429 2949 465 3007 ab
483 2967 517 3009 ea
532 2947 587 3007 Xll
604 2948 638 3009 ad
653 2948 810 3026 Dabellos,
831 2949 867 3009 ab
883 2951 919 3008 iis
935 2949 969 3007 ad
986 2966 1070 3007 ocea-

64 3049 130 3090 num
146 3030 408 3109 Aethiopicum'Vl
425 3032 535 3092 dierum
551 3034 615 3092 iter.
648 3035 677 3091 in
693 3041 784 3093 totum
799 3042 892 3092 autem
906 3032 941 3091 ab
960 3049 1070 3090 oceano

64 3113 100 3172 ad
115 3110 236 3175 Meroen
253 3113 388 3175 DCXXV
402 3115 431 3174 M
448 3134 581 3194 passuum
597 3134 666 3176 esse
679 3119 755 3176 inter
770 3123 904 3176 auctores
920 3116 984 3174 lere
1003 3133 1070 3174 con·
1080 3130 1114 3165 aas

25 3198 162 3275 aduenit,
177 3198 243 3258 inde
262 3200 381 3273 Syenen
396 3209 530 3278 quantum
545 3200 675 3259 diximus.
710 3197 771 3258 Sita
787 3206 832 3259 est
848 3198 1005 3276 Aethiopia
1023 3199 1057 3257 ah
1075 3206 1120 3256 itit

67 3282 181 3341 oriente
197 3280 319 3342 hiberno
335 3283 370 3342 ad
387 3283 567 3344 occidentem
587 3284 747 3344 hibernum.
780 3281 937 3341 meridiano
954 3282 1071 3341 cardine
1168 3354 1171 3359 ¹

67 3365 158 3424 silvae
175 3364 296 3426 hiberno
315 3367 436 3425 maxime
455 3367 567 3444 virent,
590 3365 716 3427 amedia
737 3368 800 3425 eius
820 3374 903 3442 parte
921 3366 1070 3424 imminens

65 3448 137 3508 mari
154 3466 236 3509 mons
259 3450 393 3510 excelsus
413 3452 542 3512 aeternis
563 3450 645 3510 ardet
668 3450 801 3527 ignibus,
829 3447 930 3508 Theou
952 3449 1070 3508 ochema
