2400 3856
146 142 187 201 70
535 158 630 205 emm
652 157 802 206 saeuam

147 313 237 370 cletas
258 310 409 370 nobiscum
431 320 476 370 est
500 321 530 370 ut
554 321 654 371 nostro
678 311 737 372 lato
760 313 888 372 mortalis
911 313 947 370 sit
968 314 1007 372 ibi
1031 333 1150 397 quoque

147 394 274 454 siderum
295 394 402 471 fulgor.
434 394 484 454 illa
505 396 591 454 nimio
613 397 748 455 alimento
775 398 858 454 tracti
880 399 988 456 umoris
1012 399 1101 475 ignea
1121 403 1150 460 vi

140 473 341 534 abundantiam
357 475 497 553 reddunt,
519 495 582 535 cum
598 476 737 538 decidere
758 477 933 553 creduntur,
956 486 987 536 ut
1004 477 1080 555 apud
1097 493 1153 537 nos

141 574 259 636 quoquc
284 558 438 618 luminibus
463 562 595 620 accensis
625 561 740 639 liquore
764 562 822 621 olei
850 568 982 620 notamus
1006 560 1152 621 accidere.

95 655 135 708 ato
143 642 279 704 Ceterum
294 649 413 700 aeterna
430 641 608 700 caelestibus
625 650 669 699 est
685 650 786 702 natura
802 643 997 702 intexentibus
1012 648 1173 708 mandums

144 731 313 804 intextuque
331 725 494 799 concretis,
516 725 644 802 potentia
668 733 762 784 autem
784 725 820 784 ad
844 735 950 784 terram
967 744 1148 808 magnopere

147 828 246 871 eorum
273 809 441 886 pertinens,
473 825 548 887 quae
574 815 697 886 propter
723 807 867 868 effecturus
877 808 1096 890 claritatemque
1120 823 1149 872 et

102 893 177 980 ¹⁸;,²,!⁰
189 891 410 970 magnitudinem
425 891 454 948 in
469 899 545 950 tanta
558 890 714 950 subtilitate
730 893 812 950 nosci
823 899 988 969 potuerunt,
1008 896 1082 955 sicut
1094 913 1147 955 suo

144 974 403 1038 demonstrabimus
418 972 496 1032 loco.
527 971 707 1033 circulorum
725 991 843 1053 quoque
861 975 935 1035 caeli
952 977 1026 1036 ratio
1046 981 1074 1037 in
1088 989 1146 1039 ter·

101 1061 165 1148 ⁸3:3¹
188 1077 239 1119 rae
254 1059 399 1117 mentione
416 1058 510 1134 aptius
526 1056 654 1132 dicetur,
673 1059 787 1136 quando
803 1059 838 1118 ad
855 1077 918 1118 eam
933 1068 993 1120 tota
1009 1064 1146 1140 pertinet,
1160 1079 1186 1120 ro

101 1153 134 1207 31
143 1142 274 1221 signiferi
298 1141 385 1200 modo
402 1141 615 1200 inventionibus
637 1157 695 1199 non
717 1142 822 1202 dilatis.
855 1140 1062 1221 Obliquitatem
1086 1149 1149 1206 eius

144 1224 343 1300 intellexisse,
369 1223 427 1284 hoc
454 1234 499 1283 est
523 1242 620 1283 rerum
646 1224 727 1285 lorea
743 1227 911 1303 aperuisse,
934 1226 1149 1290 Anaximander

144 1310 276 1370 Milesius
298 1309 419 1368 traditur
439 1309 547 1386 primus
571 1307 742 1388 Olympiade
770 1309 1006 1387 quinquagesima
1032 1323 1147 1387 octava,

145 1397 227 1470 signa
243 1392 349 1452 deinde
366 1393 395 1450 in
411 1407 447 1451 eo
464 1389 665 1469 Cleostratus,
687 1401 716 1452 et
732 1395 823 1471 prima
840 1394 938 1451 arietis
955 1411 990 1453 ac
1005 1397 1147 1472 sagittari,

145 1479 299 1556 sphaeram
314 1477 407 1554 ipsam
424 1486 490 1536 ante
506 1476 595 1535 multo
612 1475 705 1538 Atlas.
728 1475 810 1535 Nunc
825 1476 930 1535 relicto
946 1479 1042 1539 mundi
1058 1480 1187 1558 ipsiusne

101 1573 136 1627 32
145 1578 272 1640 corpore
291 1560 404 1638 reliqua
419 1561 494 1619 inter
509 1558 621 1619 caelum
638 1568 792 1637 terrasque
808 1567 975 1620 tractentur.
1003 1563 1149 1622 Summum

145 1665 212 1706 esse
236 1643 313 1722 quod
330 1651 436 1702 vocant
451 1644 565 1703 Saturni
587 1643 666 1703 sidus
688 1643 816 1722 ideoque
838 1643 980 1704 minimum
1008 1646 1103 1705 videri
1121 1654 1150 1705 et

144 1729 267 1789 maximo
293 1727 402 1788 ambire
419 1727 529 1787 circulo
542 1745 577 1786 ac
589 1726 736 1786 tricesimo
751 1743 824 1785 anno
838 1726 873 1786 ad
885 1725 1056 1788 brevissima
1069 1729 1149 1789 aedis

145 1830 215 1873 snae
230 1812 372 1890 principia
389 1811 509 1888 regredi
527 1820 637 1870 certum
654 1819 716 1884 est,
746 1811 869 1869 omnium
886 1820 982 1870 autem
994 1815 1150 1873 errantium

145 1897 271 1957 siderum
279 1895 561 1972 meatuus,interque
570 1912 604 1953 ea
616 1894 689 1953 solis
699 1901 728 1953 et
740 1894 835 1968 lunae,
853 1897 1026 1955 contrarium
1042 1896 1149 1957 mundo
1159 1917 1188 1958 aa

145 1996 236 2056 agere
253 1995 382 2051 cursum,
405 1977 434 2036 id
456 1985 501 2036 est
522 1977 703 2048 laevum,illo
719 1994 837 2055 semper
852 1978 880 2035 in
907 1977 1038 2038 dextram
1063 1996 1150 2056 prae·

102 2063 233 2140 ascipiti.
265 2060 302 2119 Et
326 2060 456 2138 quamvis
477 2060 596 2120 adsidua
614 2061 808 2119 conversione
824 2061 972 2121 inmensae
989 2061 1151 2122 celeritatis

146 2144 312 2206 attollantur
333 2143 369 2202 ab
392 2159 429 2200 eo
451 2143 656 2222 rapianturque
678 2145 707 2202 in
733 2160 885 2219 occasum,
913 2145 1038 2204 adverso
1053 2154 1151 2205 tamen

145 2231 189 2288 ire
204 2236 283 2286 motu
298 2244 353 2304 per
368 2241 438 2285 suos
457 2243 590 2305 quaeque
608 2244 738 2304 passuus.
757 2229 795 2286 ita
814 2227 877 2287 lieri
916 2245 953 2287 nc
976 2229 1150 2289 convolutus

147 2331 199 2373 aer
215 2310 337 2371 eandem
356 2310 384 2368 in
403 2318 515 2387 partem
530 2320 648 2369 aeterna
664 2310 759 2370 mundi
776 2311 918 2387 vertigine
936 2312 1041 2388 ignavo
1057 2311 1150 2388 globo
1160 2327 1188 2368 aa

146 2404 279 2475 torpeat,
302 2393 355 2454 sed
373 2393 510 2454 landatur·
527 2393 652 2453 adverso
674 2394 800 2455 siderum
817 2394 944 2454 verbere
960 2396 1105 2456 discretus
1121 2403 1152 2453 et

105 2481 288 2558 34digestus.
322 2479 436 2539 Saturni
450 2487 544 2537 autem
561 2478 639 2538 sidus
656 2477 773 2555 gelidae
792 2495 827 2537 ac
847 2479 967 2555 rigentis
983 2497 1051 2538 esse
1068 2487 1150 2538 natu·

147 2582 210 2638 rae,
227 2563 402 2640 multumque
421 2580 459 2620 ex
475 2579 511 2621 eo
527 2562 694 2621 inferiorem
710 2560 787 2622 lovis
800 2561 938 2621 circulum
952 2571 980 2620 et
990 2562 1060 2621 ideo
1071 2570 1150 2621 motu

148 2646 293 2706 celeriore
311 2645 451 2705 duodenis
477 2646 634 2720 circumagi
657 2645 746 2704 annis.
780 2644 908 2704 Tertium
927 2643 1044 2721 Martis,
1072 2645 1152 2724 quod

148 2728 262 2806 quidam
279 2725 413 2785 Herculis
428 2736 550 2801 vocant,
577 2726 646 2802 igne
677 2726 782 2785 ardens
811 2729 884 2788 solis
907 2729 1053 2789 vicinitate
1076 2728 1187 2791 binisao

147 2812 211 2871 iere
233 2810 314 2870 annis
340 2811 487 2884 converti,
514 2810 641 2888 ideoque
662 2808 745 2870 buius
767 2813 873 2871 ardore
896 2812 983 2871 nimio
1007 2821 1035 2871 et
1050 2812 1151 2888 rigore

148 2894 262 2955 Saturni
279 2894 460 2952 interiectum
474 2891 615 2953 ambobus
630 2912 668 2952 ex
683 2903 806 2974 utroque
822 2896 979 2974 temperari
992 2895 1094 2955 lovem
1105 2913 1151 2956 sa·

104 2980 328 3056 salutaremque
344 2976 418 3036 lieri.
480 2975 556 3035 llein
581 2977 652 3037 solis
669 2987 794 3038 meatum
812 2996 880 3037 esse
898 2979 1020 3056 partium
1034 2979 1152 3058 quidem

150 3070 345 3123 trecentarum
355 3061 517 3136 sexaginta,
535 3061 588 3121 sed
603 3070 633 3121 ut
647 3061 815 3121 observatio
827 3061 992 3123 umbrarum
1008 3063 1070 3123 eius
1082 3062 1150 3123 red·

149 3155 196 3206 eat
207 3144 244 3204 ad
259 3154 353 3204 metas
368 3145 471 3222 quinos
492 3146 573 3204 annis
591 3145 654 3204 dies
675 3146 750 3205 adici
772 3162 920 3223 superque
936 3154 1066 3224 quartam
1084 3164 1187 3224 par-aa

148 3237 206 3288 tem
219 3229 286 3289 diei.
311 3245 395 3307 quarn
412 3228 449 3287 ob
467 3246 582 3287 causam
599 3229 696 3306 quinto
713 3245 786 3288 anno
803 3246 875 3288 unus
891 3228 1072 3289 intercalaris
1086 3230 1153 3294 dies

106 3311 269 3386 abadditur,
286 3321 316 3371 ut
331 3319 491 3390 temporum
506 3313 578 3371 ratio
594 3311 665 3370 solis
682 3312 776 3371 itineri
792 3321 941 3388 congruat.
965 3312 1043 3372 lnlra
1055 3315 1151 3376 solem

149 3394 235 3453 ambit
249 3396 357 3472 ingens,
368 3396 446 3455 sidus
462 3391 638 3475 appellatum
652 3392 789 3470 Veneris,
805 3395 917 3456 alterno
933 3406 1031 3461 meatu
1045 3416 1152 3478 vagum
