2400 3856
329 176 409 224 unu.
434 176 525 224 rursu.
548 177 580 222 v.
602 171 687 227 a—e.
712 161 846 240 (840.)
1031 159 1089 222 193

88 332 263 404 monthiteu,
279 330 428 404 Thiniten,
445 328 627 404 Phaturiten,
646 326 797 405 Coptiten,
816 327 994 402 Tentyriten,
1005 325 1091 384 Dios-

89 416 210 493 politen,
228 412 465 490 Antaeopoliten,
483 411 771 490 Aphroditopoliten,
787 409 986 488 Lycopoliten.
1009 412 1090 484 Quae

88 501 167 558 iuxta
182 496 325 556 Pelusium
342 505 388 554 est
403 498 485 572 regio
507 512 608 554 nomos
631 494 718 555 hahet
733 493 973 569 Pharbaethiten,
996 492 1088 556 Buba·

89 582 191 657 stiten,
209 579 537 655 Sethroiten,'1'aniton.
575 578 687 656 reliqua
706 586 799 637 autern
817 576 989 652 Arabicum,
1006 576 1089 638 Mam·

65 667 249 724 smoniacum
264 664 429 723 tendentem
447 663 483 723 ad
498 661 663 721 Hammonis
677 660 755 720 lovis
772 659 934 736 oraculum,
958 658 1089 736 Oxyryn-

90 749 200 823 chiten,
225 746 465 823 Leontopoliten,
491 744 671 820 Athribiten',
694 742 905 822 Cyropoliten,
928 742 1090 823 Hermopo-
1148 784 1153 791 -

89 833 176 906 liteu,
194 830 317 904 Xoiten,
333 828 527 908 Mendesium,
552 827 756 903 Sebennyten,
775 824 946 901 Gabasiten,
964 824 1090 906 Latopo-

89 916 176 988 liten,
210 912 426 991 Heliopoliten,
464 912 653 990 Prosopiten,
692 908 899 989 Panopoliten,
935 909 1088 990 Busiriten,

90 997 272 1076 Ouuphiten,
309 997 423 1072 Saitcn,
456 995 640 1071 Ptenethum,
676 992 876 1074 Ptemphum,¹
892 991 1089 1073 Naucratiten,

56 1079 263 1156 roMetelliten,
278 1078 543 1157 Gynaecopoliten,
566 1077 756 1155 Menelaiten,
781 1077 978 1139 Alexandriae
993 1079 1090 1156 regio·

90 1183 171 1239 nem,
194 1161 408 1238 itemLibyae,
427 1161 576 1222 Mareotis.
606 1161 863 1242 Heracleopolites
884 1169 929 1220 est
953 1162 981 1220 in
999 1162 1133 1223 insulano

90 1247 147 1306 Nili
166 1247 252 1323 longa
269 1264 404 1325 passuum
416 1245 437 1305 L
448 1244 487 1321 M,
502 1246 530 1303 in
546 1263 602 1324 qua
617 1255 646 1305 et
662 1247 798 1324 oppidum
808 1244 943 1306 Herculis
959 1245 1089 1324 appella·

90 1340 157 1387 turn.
189 1328 354 1389 Arsinoites
378 1329 435 1388 duo
452 1337 524 1390 sunt.
562 1328 591 1387 hi
609 1338 637 1388 et
653 1327 827 1407 Memphites
851 1346 944 1408 usque
963 1330 1000 1389 ad
1015 1348 1089 1389 sum·

89 1430 163 1470 murn
185 1410 270 1471 Delta
290 1412 479 1488 perveniunt„
508 1412 554 1470 cui
576 1420 640 1470 sunt
662 1411 831 1471 contermini
855 1429 892 1470 ex
912 1410 1012 1472 Africa
1034 1413 1090 1474 duo

56 1507 80 1546 15
91 1494 218 1554 Oasitae.
259 1493 381 1568 Quidam
397 1512 435 1553 ex
457 1492 502 1553 his
520 1493 615 1570 aliqua
635 1495 749 1554 numina
763 1502 925 1572 permutant
940 1504 969 1554 et
986 1496 1090 1555 substi-

90 1587 170 1638 tuunt
187 1577 261 1639 alios
276 1595 394 1653 nomos,
410 1585 440 1635 ut
456 1575 684 1654 Heroopoliten,
702 1575 981 1654 Crocodilopoliten.
1013 1578 1092 1638 inter

90 1662 257 1720 Arsinoiten
281 1670 375 1722 autern
398 1668 433 1720 ac
452 1658 629 1737 Memphiten
653 1661 734 1720 lacus
756 1661 808 1720 luit
834 1660 954 1720 circuitu
977 1658 1092 1721 GGLM

90 1763 225 1822 passuum
242 1753 305 1819 aut,
329 1752 359 1802 ut
373 1741 521 1803 Mucianus
538 1742 636 1818 tradit,
655 1740 777 1802 ccccl
793 1742 822 1802 M
842 1751 871 1802 et
894 1743 1048 1804 altitudinis
1069 1743 1091 1804 L

90 1845 243 1904 passuum,
259 1844 342 1886 manu
358 1826 469 1901 factus,
487 1844 504 1886 a
519 1844 591 1903 rege
607 1827 655 1904 qui
671 1827 784 1886 iecerat
800 1824 939 1885 Moeridis
958 1828 1090 1906 appella·

54 1927 81 1967 ao
92 1921 146 1968 tus.
182 1908 252 1969 Inde
267 1907 344 1969 LXII
359 1907 388 1968 M
405 1926 540 1987 passuum
555 1927 648 1987 prope
669 1909 753 1969 abest
768 1907 927 1986 Memphis,
950 1911 1092 1988 qnondam

90 2011 142 2053 arx
153 1991 283 2072 Aegypti
296 2009 413 2070 regum,
430 1993 505 2053 unde
525 1992 561 2053 ad
574 1992 738 2053 Hammonis
750 1992 897 2054 oraculum
912 1991 967 2052 ΧΗ
981 1995 1091 2055 dierum

90 2077 145 2136 iter
161 2086 215 2135 est.
257 2076 293 2136 ad
308 2076 463 2135 scissuram
477 2084 572 2135 autem
588 2075 657 2152 Nili,
675 2076 752 2156 quod
768 2075 977 2155 appellavimus
993 2076 1089 2155 Delta,

89 2158 347 2238 XVMpassuum.

176 2242 258 2322 (10.)
281 2242 364 2302 Nilus
382 2244 501 2302 incertis
524 2253 603 2303 ortus
625 2244 768 2320 fontibus,
795 2252 826 2303 ut
850 2244 1040 2321 perdeserta
1062 2253 1135 2306 etot

54 2347 80 2386 25
91 2327 220 2385 ardentia
248 2335 278 2384 et
303 2327 431 2385 inmenso
452 2325 637 2402 longitudinis
659 2328 754 2403 spatio
777 2326 941 2400 ambulans,
959 2325 1090 2402 famaque

90 2417 197 2468 tanturn
217 2408 318 2466 inermi
344 2406 527 2486 (quaesitus
552 2409 615 2467 sine
639 2407 741 2481 bellis,
769 2425 843 2484 quac
867 2417 982 2467 ceteras
1000 2410 1091 2468 omnis

91 2501 200 2566 terras,
219 2491 377 2570 inveniret)
395 2490 552 2566 originem,
569 2499 599 2548 ut
614 2487 683 2548 Iuba
699 2506 753 2547 rex
766 2490 859 2566 potuit
876 2491 1046 2567 exquirere,
1063 2492 1092 2550 in

90 2583 186 2632 monte
203 2573 350 2633 inferioris
364 2571 559 2634 Mauretaniae
575 2588 632 2630 non
648 2571 752 2649 procul
771 2589 883 2631 oceano
901 2570 1007 2649 hahet,
1025 2574 1091 2634 lacu

92 2659 222 2735 protinus
238 2665 388 2734 stagnante
405 2674 490 2735 quem
504 2663 610 2716 vocant
625 2652 748 2715 Nilidcn.
778 2653 819 2714 ihi
832 2656 929 2733 pisces
941 2659 1091 2736 reperiun-

56 2754 82 2795 so
92 2750 136 2799 tur
152 2739 297 2815 alahctae,
314 2741 451 2816 coracini,
469 2739 558 2800 siluri.
583 2738 748 2821 crocodilus
765 2755 881 2817 quoque
896 2739 972 2800 inde.
992 2740 1030 2801 oh
1046 2761 1093 2802 ar·

91 2833 256 2901 gumentum
278 2822 335 2883 hoc
360 2821 524 2884 Caesareae
548 2824 577 2882 iu
598 2822 665 2883 lseu
689 2822 799 2884 dicatus
825 2821 861 2884 ab
884 2834 1092 2903 suspectatur

91 2908 188 2967 hodie.
220 2915 373 2985 praeterea
394 2904 577 2966 observatum
593 2915 655 2982 cst,
674 2915 759 2983 prout
774 2907 802 2966 in
819 2906 995 2967 Mauretania
1009 2909 1090 2968 nives

91 2989 237 3050 imbresve
250 2990 430 3064 satiaverint,
445 2989 483 3048 ita
494 2987 588 3049 Nilum
604 2990 781 3050 increscere.
809 2990 855 3050 Ex
869 2990 926 3050 huc
943 2989 1008 3049 lacu
1023 3009 1087 3068 pro·
1099 3003 1134 3056 tn

92 3073 171 3132 fusus
189 3073 351 3149 indignatur
366 3072 457 3131 iluerc
473 3089 528 3150 per
540 3072 683 3132 harenosa
701 3082 730 3132 et
740 3074 916 3151 squalentia,
936 3073 1090 3152 conditque

56 3168 125 3215 etse
143 3155 253 3233 aliquot
268 3155 377 3215 diemm
400 3155 518 3232 itinere,
542 3173 610 3216 mox
631 3154 688 3216 alio
710 3156 775 3216 lacu
798 3156 906 3215 maiore
927 3157 955 3214 in
982 3153 1089 3218 Caesa·

91 3239 196 3297 riensis
213 3236 407 3298 Mauretaniae
425 3248 513 3315 gente
528 3238 737 3315 Massaesvlum
762 3239 885 3316 erumpit
902 3247 931 3298 ct
946 3237 1090 3302 hominurn
1181 3266 1184 3295 τ

93 3321 315 3381 coetuusveluti
343 3322 552 3401 circumspicit,
587 3324 690 3384 iisdem
719 3322 880 3383 animalium
905 3327 1089 3402 argumentis.

92 3404 195 3465 iterum
211 3405 325 3465 harenis
340 3415 478 3485 receptus
496 3406 626 3467 conditur
646 3423 745 3466 rursus
764 3402 820 3465 XX
839 3406 948 3467 dierum
966 3408 1091 3468 desertis

136 3507 204 3546 eninr
219 3509 281 3548 nnn.
295 3509 363 3548 nrsr.
387 3493 406 3549 l.
898 3491 935 3551 13
