<?xml version="1.0" encoding="UTF-8"?>
<!DOCTYPE html PUBLIC "-//W3C//DTD XHTML 1.0 Transitional//EN"
    "http://www.w3.org/TR/xhtml1/DTD/xhtml1-transitional.dtd">
<html xmlns="http://www.w3.org/1999/xhtml" xml:lang="en" lang="en">
 <head>
  <title>
</title>
<meta http-equiv="Content-Type" content="text/html;charset=utf-8" />
  <meta name='ocr-system' content='tesseract 3.04.00' />
  <meta name='ocr-capabilities' content='ocr_page ocr_carea ocr_par ocr_line ocrx_word'/>
</head>
<body>
  <div class='ocr_page' id='page_1' title='image "./cplinisecundina07plingoog_0209.png"; bbox 0 0 2400 3856; ppageno 0'>
   <div class='ocr_carea' id='block_1_1' title="bbox 96 143 786 206">
    <p class='ocr_par' dir='ltr' id='par_1_1' title="bbox 96 143 786 206">
     <span class='ocr_line' id='line_1_1' title="bbox 96 143 786 206; baseline -0.003 -1"><span class='ocrx_word' id='word_1_1' title='bbox 96 143 156 206; x_wconf 82' lang='lat'>122</span> <span class='ocrx_word' id='word_1_2' title='bbox 478 157 508 205; x_wconf 90' lang='lat' dir='ltr'>c.</span> <span class='ocrx_word' id='word_1_3' title='bbox 523 158 619 205; x_wconf 77' lang='lat' dir='ltr'>romu</span> <span class='ocrx_word' id='word_1_4' title='bbox 635 156 786 204; x_wconf 77' lang='lat' dir='ltr'>sucorum</span> 
     </span>
    </p>
   </div>
   <div class='ocr_carea' id='block_1_2' title="bbox 52 310 1138 1732">
    <p class='ocr_par' dir='ltr' id='par_1_2' title="bbox 93 310 1101 474">
     <span class='ocr_line' id='line_1_2' title="bbox 93 310 1101 390; baseline 0.001 -19"><span class='ocrx_word' id='word_1_5' title='bbox 93 310 278 390; x_wconf 81' lang='lat' dir='ltr'>Hipparchus</span> <span class='ocrx_word' id='word_1_6' title='bbox 295 313 366 372; x_wconf 90' lang='lat' dir='ltr'>etin</span> <span class='ocrx_word' id='word_1_7' title='bbox 384 311 571 388; x_wconf 86' lang='lat' dir='ltr'>coarguendo</span> <span class='ocrx_word' id='word_1_8' title='bbox 589 328 625 371; x_wconf 88' lang='lat' dir='ltr'>eo</span> <span class='ocrx_word' id='word_1_9' title='bbox 643 320 672 370; x_wconf 89' lang='lat' dir='ltr'>et</span> <span class='ocrx_word' id='word_1_10' title='bbox 687 313 715 370; x_wconf 92' lang='lat' dir='ltr'>iu</span> <span class='ocrx_word' id='word_1_11' title='bbox 730 312 842 389; x_wconf 87' lang='lat' dir='ltr'>reliqua</span> <span class='ocrx_word' id='word_1_12' title='bbox 860 313 935 370; x_wconf 93' lang='lat' dir='ltr'>omni</span> <span class='ocrx_word' id='word_1_13' title='bbox 952 311 1101 388; x_wconf 78' lang='lat' dir='ltr'>diligentia</span> 
     </span>
     <span class='ocr_line' id='line_1_3' title="bbox 93 393 840 474; baseline -0.004 -20"><span class='ocrx_word' id='word_1_14' title='bbox 93 397 182 454; x_wconf 89' lang='lat' dir='ltr'>mirus</span> <span class='ocrx_word' id='word_1_15' title='bbox 199 395 286 456; x_wconf 90' lang='lat' dir='ltr'>adicit</span> <span class='ocrx_word' id='word_1_16' title='bbox 302 397 458 456; x_wconf 88' lang='lat' dir='ltr'>stadiorum</span> <span class='ocrx_word' id='word_1_17' title='bbox 475 395 563 474; x_wconf 86' lang='lat' dir='ltr'>paulo</span> <span class='ocrx_word' id='word_1_18' title='bbox 580 397 672 454; x_wconf 90' lang='lat' dir='ltr'>minus</span> <span class='ocrx_word' id='word_1_19' title='bbox 689 394 785 455; x_wconf 89' lang='lat' dir='ltr'>XXVI</span> <span class='ocrx_word' id='word_1_20' title='bbox 802 393 840 453; x_wconf 89' lang='grc' dir='ltr'>Μ.</span> 
     </span>
    </p>

    <p class='ocr_par' dir='ltr' id='par_1_3' title="bbox 52 477 1138 1480">
     <span class='ocr_line' id='line_1_4' title="bbox 52 477 1103 558; baseline 0.001 -18"><span class='ocrx_word' id='word_1_21' title='bbox 52 486 104 542; x_wconf 75' lang='lat'>248</span> <span class='ocrx_word' id='word_1_22' title='bbox 171 479 240 539; x_wconf 84' lang='lat'><strong>109.</strong></span> <span class='ocrx_word' id='word_1_23' title='bbox 266 479 332 540; x_wconf 80' lang='lat' dir='ltr'>Alia</span> <span class='ocrx_word' id='word_1_24' title='bbox 358 479 566 554; x_wconf 80' lang='lat' dir='ltr'>Dionysodoro</span> <span class='ocrx_word' id='word_1_25' title='bbox 596 477 679 538; x_wconf 88' lang='lat' dir='ltr'><strong>fides.</strong></span> <span class='ocrx_word' id='word_1_26' title='bbox 711 497 807 558; x_wconf 87' lang='lat' dir='ltr'>neque</span> <span class='ocrx_word' id='word_1_27' title='bbox 834 480 909 538; x_wconf 93' lang='lat' dir='ltr'>enim</span> <span class='ocrx_word' id='word_1_28' title='bbox 936 479 1103 541; x_wconf 83' lang='lat' dir='ltr'><strong>subtraham</strong></span> 
     </span>
     <span class='ocr_line' id='line_1_5' title="bbox 94 562 1102 640; baseline 0.002 -18"><span class='ocrx_word' id='word_1_29' title='bbox 94 563 260 640; x_wconf 86' lang='lat' dir='ltr'>exemplum</span> <span class='ocrx_word' id='word_1_30' title='bbox 275 565 408 623; x_wconf 82' lang='lat' dir='ltr'>vanitatis</span> <span class='ocrx_word' id='word_1_31' title='bbox 426 563 556 623; x_wconf 79' lang='lat' dir='ltr'>Graecae</span> <span class='ocrx_word' id='word_1_32' title='bbox 585 562 738 622; x_wconf 85' lang='lat' dir='ltr'>maximum</span> <span class='ocrx_word' id='word_1_33' title='bbox 776 562 881 622; x_wconf 83' lang='lat' dir='ltr'>Melius</span> <span class='ocrx_word' id='word_1_34' title='bbox 899 562 946 622; x_wconf 90' lang='lat' dir='ltr'>hio</span> <span class='ocrx_word' id='word_1_35' title='bbox 964 562 1016 622; x_wconf 88' lang='lat' dir='ltr'>iuit</span> <span class='ocrx_word' id='word_1_36' title='bbox 1030 582 1102 640; x_wconf 86' lang='lat' dir='ltr'>geo-</span> 
     </span>
     <span class='ocr_line' id='line_1_6' title="bbox 92 645 1126 725; baseline 0.003 -20"><span class='ocrx_word' id='word_1_37' title='bbox 92 647 214 706; x_wconf 89' lang='lat' dir='ltr'>metrica</span> <span class='ocrx_word' id='word_1_38' title='bbox 231 649 351 708; x_wconf 85' lang='lat' dir='ltr'>scientia</span> <span class='ocrx_word' id='word_1_39' title='bbox 366 647 482 708; x_wconf 91' lang='lat' dir='ltr'>nobilis.</span> <span class='ocrx_word' id='word_1_40' title='bbox 511 655 632 709; x_wconf 79' lang='lat' dir='ltr'>senecta</span> <span class='ocrx_word' id='word_1_41' title='bbox 651 646 728 707; x_wconf 85' lang='lat' dir='ltr'>diem</span> <span class='ocrx_word' id='word_1_42' title='bbox 750 645 865 725; x_wconf 78' lang='lat' dir='ltr'>obiitin</span> <span class='ocrx_word' id='word_1_43' title='bbox 886 648 996 725; x_wconf 88' lang='lat' dir='ltr'>patria,</span> <span class='ocrx_word' id='word_1_44' title='bbox 1018 648 1126 708; x_wconf 82' lang='lat' dir='ltr'>iuuuso</span> 
     </span>
     <span class='ocr_line' id='line_1_7' title="bbox 93 729 1104 810; baseline 0.001 -19"><span class='ocrx_word' id='word_1_45' title='bbox 93 730 204 791; x_wconf 86' lang='lat' dir='ltr'>duxere</span> <span class='ocrx_word' id='word_1_46' title='bbox 222 733 249 791; x_wconf 93' lang='lat' dir='ltr'>ei</span> <span class='ocrx_word' id='word_1_47' title='bbox 264 731 447 810; x_wconf 86' lang='lat' dir='ltr'>propinquae</span> <span class='ocrx_word' id='word_1_48' title='bbox 466 730 502 790; x_wconf 88' lang='lat' dir='ltr'>ad</span> <span class='ocrx_word' id='word_1_49' title='bbox 515 748 588 809; x_wconf 87' lang='lat' dir='ltr'>quas</span> <span class='ocrx_word' id='word_1_50' title='bbox 605 730 770 808; x_wconf 86' lang='lat' dir='ltr'>pertinebat</span> <span class='ocrx_word' id='word_1_51' title='bbox 782 729 940 790; x_wconf 88' lang='lat' dir='ltr'>hereditas.</span> <span class='ocrx_word' id='word_1_52' title='bbox 969 729 1104 792; x_wconf 85' lang='lat' dir='ltr'>haecum</span> 
     </span>
     <span class='ocr_line' id='line_1_8' title="bbox 94 813 1103 894; baseline 0.001 -20"><span class='ocrx_word' id='word_1_53' title='bbox 94 816 203 875; x_wconf 88' lang='lat' dir='ltr'>secutis</span> <span class='ocrx_word' id='word_1_54' title='bbox 219 815 322 876; x_wconf 91' lang='lat' dir='ltr'>diebus</span> <span class='ocrx_word' id='word_1_55' title='bbox 338 817 412 875; x_wconf 87' lang='lat' dir='ltr'>iusta</span> <span class='ocrx_word' id='word_1_56' title='bbox 427 822 621 892; x_wconf 81' lang='lat' dir='ltr'>peragerent,</span> <span class='ocrx_word' id='word_1_57' title='bbox 648 815 797 874; x_wconf 87' lang='lat' dir='ltr'>invenisse</span> <span class='ocrx_word' id='word_1_58' title='bbox 813 813 944 874; x_wconf 88' lang='lat' dir='ltr'>dicuutur</span> <span class='ocrx_word' id='word_1_59' title='bbox 959 816 987 873; x_wconf 92' lang='lat' dir='ltr'>in</span> <span class='ocrx_word' id='word_1_60' title='bbox 1004 816 1103 894; x_wconf 85' lang='lat' dir='ltr'>sepui-</span> 
     </span>
     <span class='ocr_line' id='line_1_9' title="bbox 94 898 1103 978; baseline 0.002 -21"><span class='ocrx_word' id='word_1_61' title='bbox 94 898 165 958; x_wconf 92' lang='lat' dir='ltr'>ohro</span> <span class='ocrx_word' id='word_1_62' title='bbox 179 900 331 977; x_wconf 90' lang='lat' dir='ltr'>epistulam</span> <span class='ocrx_word' id='word_1_63' title='bbox 343 898 542 972; x_wconf 78' lang='lat' dir='ltr'>Dionysodori</span> <span class='ocrx_word' id='word_1_64' title='bbox 553 898 668 957; x_wconf 88' lang='lat' dir='ltr'>nomine</span> <span class='ocrx_word' id='word_1_65' title='bbox 680 898 716 957; x_wconf 89' lang='lat' dir='ltr'>ad</span> <span class='ocrx_word' id='word_1_66' title='bbox 729 915 854 977; x_wconf 88' lang='lat' dir='ltr'>superos</span> <span class='ocrx_word' id='word_1_67' title='bbox 867 899 1019 977; x_wconf 84' lang='lat' dir='ltr'>scriptam:</span> <span class='ocrx_word' id='word_1_68' title='bbox 1036 917 1103 978; x_wconf 89' lang='lat' dir='ltr'>per·</span> 
     </span>
     <span class='ocr_line' id='line_1_10' title="bbox 93 980 1103 1061; baseline 0.002 -20"><span class='ocrx_word' id='word_1_69' title='bbox 93 983 210 1041; x_wconf 87' lang='lat' dir='ltr'>venisse</span> <span class='ocrx_word' id='word_1_70' title='bbox 228 985 298 1043; x_wconf 84' lang='lat' dir='ltr'>&#39;eum</span> <span class='ocrx_word' id='word_1_71' title='bbox 320 1002 336 1042; x_wconf 91' lang='lat' dir='ltr'>a</span> <span class='ocrx_word' id='word_1_72' title='bbox 357 980 516 1061; x_wconf 89' lang='lat' dir='ltr'>sepulchro</span> <span class='ocrx_word' id='word_1_73' title='bbox 543 981 579 1040; x_wconf 92' lang='lat' dir='ltr'>ad</span> <span class='ocrx_word' id='word_1_74' title='bbox 605 981 728 1040; x_wconf 91' lang='lat' dir='ltr'>iniimam</span> <span class='ocrx_word' id='word_1_75' title='bbox 754 990 870 1041; x_wconf 87' lang='lat' dir='ltr'>terram.</span> <span class='ocrx_word' id='word_1_76' title='bbox 899 1000 966 1041; x_wconf 89' lang='lat' dir='ltr'>esse</span> <span class='ocrx_word' id='word_1_77' title='bbox 992 1000 1027 1043; x_wconf 88' lang='lat' dir='ltr'>eo</span> <span class='ocrx_word' id='word_1_78' title='bbox 1046 992 1103 1043; x_wconf 87' lang='lat' dir='ltr'>sta·</span> 
     </span>
     <span class='ocr_line' id='line_1_11' title="bbox 93 1064 1138 1146; baseline -0.004 -21"><span class='ocrx_word' id='word_1_79' title='bbox 93 1065 205 1125; x_wconf 90' lang='lat' dir='ltr'>diorum</span> <span class='ocrx_word' id='word_1_80' title='bbox 227 1066 416 1145; x_wconf 88' lang='lat' dir='ltr'>quadraginta</span> <span class='ocrx_word' id='word_1_81' title='bbox 440 1064 604 1125; x_wconf 90' lang='lat' dir='ltr'>duomilia.</span> <span class='ocrx_word' id='word_1_82' title='bbox 632 1084 687 1124; x_wconf 88' lang='lat' dir='ltr'>uec</span> <span class='ocrx_word' id='word_1_83' title='bbox 711 1065 833 1126; x_wconf 80' lang='lat' dir='ltr'>defuere</span> <span class='ocrx_word' id='word_1_84' title='bbox 858 1075 1028 1142; x_wconf 86' lang='lat' dir='ltr'>geometrae</span> <span class='ocrx_word' id='word_1_85' title='bbox 1054 1067 1101 1146; x_wconf 86' lang='lat' dir='ltr'>qui</span> <span class='ocrx_word' id='word_1_86' title='bbox 1114 1082 1138 1122; x_wconf 83' lang='lat' dir='ltr'>ro</span> 
     </span>
     <span class='ocr_line' id='line_1_12' title="bbox 92 1148 1102 1228; baseline 0.002 -20"><span class='ocrx_word' id='word_1_87' title='bbox 92 1150 354 1228; x_wconf 88' lang='lat' dir='ltr'>interpretarentur</span> <span class='ocrx_word' id='word_1_88' title='bbox 370 1148 536 1226; x_wconf 85' lang='lat' dir='ltr'>significare</span> <span class='ocrx_word' id='word_1_89' title='bbox 553 1148 707 1226; x_wconf 90' lang='lat' dir='ltr'>epistulam</span> <span class='ocrx_word' id='word_1_90' title='bbox 723 1168 739 1209; x_wconf 91' lang='lat' dir='ltr'>a</span> <span class='ocrx_word' id='word_1_91' title='bbox 754 1150 850 1210; x_wconf 89' lang='lat' dir='ltr'>medio</span> <span class='ocrx_word' id='word_1_92' title='bbox 873 1159 1014 1210; x_wconf 87' lang='lat' dir='ltr'>terrarum</span> <span class='ocrx_word' id='word_1_93' title='bbox 1029 1151 1102 1210; x_wconf 84' lang='lat' dir='ltr'>orbe</span> 
     </span>
     <span class='ocr_line' id='line_1_13' title="bbox 93 1230 1103 1312; baseline 0.003 -21"><span class='ocrx_word' id='word_1_94' title='bbox 93 1232 285 1312; x_wconf 87' lang='lat' dir='ltr'>missamque</span> <span class='ocrx_word' id='word_1_95' title='bbox 307 1234 444 1293; x_wconf 87' lang='lat' dir='ltr'>deorsum</span> <span class='ocrx_word' id='word_1_96' title='bbox 465 1230 502 1292; x_wconf 89' lang='lat' dir='ltr'>ab</span> <span class='ocrx_word' id='word_1_97' title='bbox 526 1250 636 1295; x_wconf 93' lang='lat' dir='ltr'>summo</span> <span class='ocrx_word' id='word_1_98' title='bbox 660 1233 859 1310; x_wconf 85' lang='lat' dir='ltr'>longissimum</span> <span class='ocrx_word' id='word_1_99' title='bbox 878 1243 958 1294; x_wconf 86' lang='lat' dir='ltr'>esset</span> <span class='ocrx_word' id='word_1_100' title='bbox 979 1237 1103 1312; x_wconf 88' lang='lat' dir='ltr'>spatium</span> 
     </span>
     <span class='ocr_line' id='line_1_14' title="bbox 94 1316 1103 1397; baseline 0.001 -22"><span class='ocrx_word' id='word_1_101' title='bbox 94 1323 125 1375; x_wconf 86' lang='lat' dir='ltr'>et</span> <span class='ocrx_word' id='word_1_102' title='bbox 142 1316 218 1376; x_wconf 88' lang='lat' dir='ltr'>idem</span> <span class='ocrx_word' id='word_1_103' title='bbox 239 1317 318 1396; x_wconf 89' lang='lat' dir='ltr'>pilae</span> <span class='ocrx_word' id='word_1_104' title='bbox 341 1318 475 1377; x_wconf 91' lang='lat' dir='ltr'>medium.</span> <span class='ocrx_word' id='word_1_105' title='bbox 506 1334 543 1374; x_wconf 86' lang='lat' dir='ltr'>ex</span> <span class='ocrx_word' id='word_1_106' title='bbox 565 1334 623 1395; x_wconf 87' lang='lat' dir='ltr'>quo</span> <span class='ocrx_word' id='word_1_107' title='bbox 640 1327 798 1378; x_wconf 90' lang='lat' dir='ltr'>consecuta</span> <span class='ocrx_word' id='word_1_108' title='bbox 821 1319 988 1397; x_wconf 84' lang='lat' dir='ltr'>conputatio</span> <span class='ocrx_word' id='word_1_109' title='bbox 1011 1326 1103 1378; x_wconf 87' lang='lat' dir='ltr'>estut</span> 
     </span>
     <span class='ocr_line' id='line_1_15' title="bbox 94 1399 875 1480; baseline 0.004 -23"><span class='ocrx_word' id='word_1_110' title='bbox 94 1399 216 1459; x_wconf 81' lang='lat' dir='ltr'>circuitu</span> <span class='ocrx_word' id='word_1_111' title='bbox 233 1420 300 1461; x_wconf 89' lang='lat' dir='ltr'>esse</span> <span class='ocrx_word' id='word_1_112' title='bbox 318 1400 415 1461; x_wconf 78' lang='lat' dir='ltr'>ocull</span> <span class='ocrx_word' id='word_1_113' title='bbox 430 1399 460 1459; x_wconf 85' lang='lat' dir='ltr'><strong><em>M</em></strong></span> <span class='ocrx_word' id='word_1_114' title='bbox 475 1399 632 1460; x_wconf 88' lang='lat' dir='ltr'>stadiorum</span> <span class='ocrx_word' id='word_1_115' title='bbox 647 1403 875 1480; x_wconf 86' lang='lat' dir='ltr'>pronuntiarent.</span> 
     </span>
    </p>

    <p class='ocr_par' dir='ltr' id='par_1_4' title="bbox 93 1483 1137 1732">
     <span class='ocr_line' id='line_1_16' title="bbox 156 1483 1137 1565; baseline 0.004 -23"><span class='ocrx_word' id='word_1_116' title='bbox 156 1483 260 1565; x_wconf 83' lang='lat'>(113.)</span> <span class='ocrx_word' id='word_1_117' title='bbox 279 1485 453 1546; x_wconf 83' lang='lat' dir='ltr'>Harmonice</span> <span class='ocrx_word' id='word_1_118' title='bbox 470 1484 560 1560; x_wconf 83' lang='lat' dir='ltr'>ratio,</span> <span class='ocrx_word' id='word_1_119' title='bbox 584 1503 659 1564; x_wconf 83' lang='lat' dir='ltr'>quae</span> <span class='ocrx_word' id='word_1_120' title='bbox 683 1487 762 1563; x_wconf 85' lang='lat' dir='ltr'>cogit</span> <span class='ocrx_word' id='word_1_121' title='bbox 784 1504 880 1546; x_wconf 91' lang='lat' dir='ltr'>rerum</span> <span class='ocrx_word' id='word_1_122' title='bbox 901 1494 1029 1547; x_wconf 90' lang='lat' dir='ltr'>naturam</span> <span class='ocrx_word' id='word_1_123' title='bbox 1045 1486 1137 1547; x_wconf 82' lang='lat' dir='ltr'>sibim</span> 
     </span>
     <span class='ocr_line' id='line_1_17' title="bbox 93 1567 1100 1648; baseline 0.005 -23"><span class='ocrx_word' id='word_1_124' title='bbox 93 1567 186 1645; x_wconf 87' lang='lat' dir='ltr'>ipsam</span> <span class='ocrx_word' id='word_1_125' title='bbox 205 1584 385 1648; x_wconf 85' lang='lat' dir='ltr'>congruere,</span> <span class='ocrx_word' id='word_1_126' title='bbox 408 1569 486 1630; x_wconf 92' lang='lat' dir='ltr'>addit</span> <span class='ocrx_word' id='word_1_127' title='bbox 507 1567 575 1627; x_wconf 90' lang='lat' dir='ltr'>huic</span> <span class='ocrx_word' id='word_1_128' title='bbox 595 1587 749 1631; x_wconf 89' lang='lat' dir='ltr'>mensurae</span> <span class='ocrx_word' id='word_1_129' title='bbox 766 1569 923 1630; x_wconf 88' lang='lat' dir='ltr'>stadiorum</span> <span class='ocrx_word' id='word_1_130' title='bbox 937 1567 993 1631; x_wconf 91' lang='lat' dir='ltr'>XII</span> <span class='ocrx_word' id='word_1_131' title='bbox 1012 1570 1100 1647; x_wconf 79' lang='lat' dir='ltr'>milia,</span> 
     </span>
     <span class='ocr_line' id='line_1_18' title="bbox 93 1655 1065 1732; baseline 0.007 -23"><span class='ocrx_word' id='word_1_132' title='bbox 93 1659 258 1731; x_wconf 89' lang='lat' dir='ltr'>terramque</span> <span class='ocrx_word' id='word_1_133' title='bbox 274 1655 490 1732; x_wconf 89' lang='lat' dir='ltr'>nonagesimam</span> <span class='ocrx_word' id='word_1_134' title='bbox 507 1660 620 1712; x_wconf 86' lang='lat' dir='ltr'>sextam</span> <span class='ocrx_word' id='word_1_135' title='bbox 643 1661 756 1730; x_wconf 84' lang='lat' dir='ltr'>partem</span> <span class='ocrx_word' id='word_1_136' title='bbox 772 1657 860 1712; x_wconf 89' lang='lat' dir='ltr'>totius</span> <span class='ocrx_word' id='word_1_137' title='bbox 876 1655 971 1714; x_wconf 94' lang='lat' dir='ltr'>mundi</span> <span class='ocrx_word' id='word_1_138' title='bbox 986 1655 1065 1716; x_wconf 85' lang='lat' dir='ltr'>tacit</span> 
     </span>
    </p>
   </div>
   <div class='ocr_carea' id='block_1_3' title="bbox 496 1847 701 1857">
    <p class='ocr_par' dir='ltr' id='par_1_5' title="bbox 496 1847 701 1857">
     <span class='ocr_line' id='line_1_19' title="bbox 496 1847 701 1857; baseline 0.02 -4"><span class='ocrx_word' id='word_1_139' title='bbox 496 1847 701 1857; x_wconf 72' lang='lat'><em>--——-—-</em></span> 
     </span>
    </p>
   </div>
   <div class='ocr_carea' id='block_1_4' title="bbox 357 1985 834 2073">
    <p class='ocr_par' dir='ltr' id='par_1_6' title="bbox 357 1985 834 2073">
     <span class='ocr_line' id='line_1_20' title="bbox 357 1985 834 2073; baseline 0 -5"><span class='ocrx_word' id='word_1_140' title='bbox 357 1985 391 2068; x_wconf 83' lang='lat' dir='ltr'>d.</span> <span class='ocrx_word' id='word_1_141' title='bbox 426 1988 573 2072; x_wconf 78' lang='lat' dir='ltr'>ruiti</span> <span class='ocrx_word' id='word_1_142' title='bbox 607 1988 834 2073; x_wconf 75' lang='lat' dir='ltr'>stettin!</span> 
     </span>
    </p>
   </div>
   <div class='ocr_carea' id='block_1_5' title="bbox 207 2138 1136 2380">
    <p class='ocr_par' dir='ltr' id='par_1_7' title="bbox 207 2138 1136 2380">
     <span class='ocr_line' id='line_1_21' title="bbox 207 2138 991 2236; baseline 0.005 -8"><span class='ocrx_word' id='word_1_143' title='bbox 207 2138 582 2235; x_wconf 72' lang='lat' dir='ltr'>brittonis</span> <span class='ocrx_word' id='word_1_144' title='bbox 624 2142 991 2236; x_wconf 77' lang='lat' dir='ltr'>blitttltli</span> 
     </span>
     <span class='ocr_line' id='line_1_22' title="bbox 442 2305 1136 2380; baseline 0.017 -12"><span class='ocrx_word' id='word_1_145' title='bbox 442 2305 643 2370; x_wconf 75' lang='lat' dir='ltr'>creua</span> <span class='ocrx_word' id='word_1_146' title='bbox 688 2307 751 2372; x_wconf 88' lang='lat'>111.</span> <span class='ocrx_word' id='word_1_147' title='bbox 1110 2339 1136 2380; x_wconf 66' lang='lat' dir='ltr'>a</span> 
     </span>
    </p>
   </div>
   <div class='ocr_carea' id='block_1_6' title="bbox 503 2469 676 2481">
    <p class='ocr_par' dir='ltr' id='par_1_8' title="bbox 503 2469 676 2481">
     <span class='ocr_line' id='line_1_23' title="bbox 503 2469 676 2481; baseline 0 -2"><span class='ocrx_word' id='word_1_148' title='bbox 503 2469 676 2481; x_wconf 71' lang='lat' dir='ltr'><strong>u—-u———</strong></span> 
     </span>
    </p>
   </div>
   <div class='ocr_carea' id='block_1_7' title="bbox 66 2571 1165 3490">
    <p class='ocr_par' dir='ltr' id='par_1_9' title="bbox 68 2571 1165 3324">
     <span class='ocr_line' id='line_1_24' title="bbox 68 2571 1100 2653; baseline -0.007 -16"><span class='ocrx_word' id='word_1_149' title='bbox 68 2585 82 2637; x_wconf 93' lang='lat' dir='ltr'>l</span> <span class='ocrx_word' id='word_1_150' title='bbox 158 2571 229 2653; x_wconf 80' lang='lat' dir='ltr'>Cap.</span> <span class='ocrx_word' id='word_1_151' title='bbox 250 2575 276 2633; x_wconf 89' lang='lat' dir='ltr'>i.</span> <span class='ocrx_word' id='word_1_152' title='bbox 298 2573 445 2635; x_wconf 88' lang='lat' dir='ltr'>Hactenus</span> <span class='ocrx_word' id='word_1_153' title='bbox 461 2575 498 2635; x_wconf 93' lang='lat' dir='ltr'>de</span> <span class='ocrx_word' id='word_1_154' title='bbox 514 2578 568 2635; x_wconf 87' lang='lat' dir='ltr'>situ</span> <span class='ocrx_word' id='word_1_155' title='bbox 585 2585 614 2636; x_wconf 89' lang='lat' dir='ltr'>et</span> <span class='ocrx_word' id='word_1_156' title='bbox 629 2576 775 2637; x_wconf 89' lang='lat' dir='ltr'>miraculis</span> <span class='ocrx_word' id='word_1_157' title='bbox 790 2583 886 2634; x_wconf 88' lang='lat' dir='ltr'>terrae</span> <span class='ocrx_word' id='word_1_158' title='bbox 903 2589 1100 2652; x_wconf 86' lang='lat' dir='ltr'>aquarumque</span> 
     </span>
     <span class='ocr_line' id='line_1_25' title="bbox 98 2655 1100 2738; baseline -0.001 -23"><span class='ocrx_word' id='word_1_159' title='bbox 98 2665 127 2716; x_wconf 86' lang='lat' dir='ltr'>et</span> <span class='ocrx_word' id='word_1_160' title='bbox 142 2658 267 2717; x_wconf 85' lang='lat' dir='ltr'>siderum</span> <span class='ocrx_word' id='word_1_161' title='bbox 283 2676 318 2718; x_wconf 92' lang='lat' dir='ltr'>ac</span> <span class='ocrx_word' id='word_1_162' title='bbox 341 2660 452 2719; x_wconf 88' lang='lat' dir='ltr'>ratione</span> <span class='ocrx_word' id='word_1_163' title='bbox 475 2661 669 2721; x_wconf 88' lang='lat' dir='ltr'>universitatis</span> <span class='ocrx_word' id='word_1_164' title='bbox 690 2668 777 2738; x_wconf 82' lang='lat' dir='ltr'>atque</span> <span class='ocrx_word' id='word_1_165' title='bbox 795 2674 939 2717; x_wconf 89' lang='lat' dir='ltr'>mensura.</span> <span class='ocrx_word' id='word_1_166' title='bbox 967 2674 1041 2715; x_wconf 93' lang='lat' dir='ltr'>nunc</span> <span class='ocrx_word' id='word_1_167' title='bbox 1064 2655 1100 2715; x_wconf 88' lang='lat' dir='ltr'>de</span> 
     </span>
     <span class='ocr_line' id='line_1_26' title="bbox 98 2739 1135 2823; baseline -0.005 -25"><span class='ocrx_word' id='word_1_168' title='bbox 98 2740 242 2818; x_wconf 86' lang='lat' dir='ltr'>partibus,</span> <span class='ocrx_word' id='word_1_169' title='bbox 266 2761 437 2822; x_wconf 87' lang='lat' dir='ltr'>quamquam</span> <span class='ocrx_word' id='word_1_170' title='bbox 452 2744 589 2804; x_wconf 85' lang='lat' dir='ltr'>infinitum</span> <span class='ocrx_word' id='word_1_171' title='bbox 604 2744 633 2803; x_wconf 95' lang='lat' dir='ltr'>id</span> <span class='ocrx_word' id='word_1_172' title='bbox 649 2760 766 2823; x_wconf 87' lang='lat' dir='ltr'>quoque</span> <span class='ocrx_word' id='word_1_173' title='bbox 785 2739 964 2800; x_wconf 80' lang='lat' dir='ltr'>existimatur</span> <span class='ocrx_word' id='word_1_174' title='bbox 987 2758 1042 2800; x_wconf 85' lang='lat' dir='ltr'>uec</span> <span class='ocrx_word' id='word_1_175' title='bbox 1056 2749 1099 2798; x_wconf 88' lang='lat' dir='ltr'>te·</span> <span class='ocrx_word' id='word_1_176' title='bbox 1110 2755 1135 2794; x_wconf 87' lang='lat' dir='ltr'>ao</span> 
     </span>
     <span class='ocr_line' id='line_1_27' title="bbox 96 2825 1099 2904; baseline -0.002 -22"><span class='ocrx_word' id='word_1_177' title='bbox 96 2842 176 2883; x_wconf 89' lang='lat' dir='ltr'>mere</span> <span class='ocrx_word' id='word_1_178' title='bbox 192 2825 255 2883; x_wconf 87' lang='lat' dir='ltr'>sine</span> <span class='ocrx_word' id='word_1_179' title='bbox 272 2826 365 2904; x_wconf 82' lang='lat' dir='ltr'>aliqua</span> <span class='ocrx_word' id='word_1_180' title='bbox 378 2827 609 2904; x_wconf 87' lang='lat' dir='ltr'>reprehensione</span> <span class='ocrx_word' id='word_1_181' title='bbox 620 2835 781 2902; x_wconf 85' lang='lat' dir='ltr'>tractatum,</span> <span class='ocrx_word' id='word_1_182' title='bbox 798 2825 865 2886; x_wconf 89' lang='lat' dir='ltr'>baut</span> <span class='ocrx_word' id='word_1_183' title='bbox 876 2829 936 2885; x_wconf 90' lang='lat' dir='ltr'>ullo</span> <span class='ocrx_word' id='word_1_184' title='bbox 953 2829 1099 2902; x_wconf 88' lang='lat' dir='ltr'>ingenere</span> 
     </span>
     <span class='ocr_line' id='line_1_28' title="bbox 95 2908 1100 2986; baseline -0.003 -20"><span class='ocrx_word' id='word_1_185' title='bbox 95 2909 180 2967; x_wconf 85' lang='lat' dir='ltr'>venia</span> <span class='ocrx_word' id='word_1_186' title='bbox 196 2909 333 2985; x_wconf 84' lang='lat' dir='ltr'>iustiore,</span> <span class='ocrx_word' id='word_1_187' title='bbox 353 2911 478 2971; x_wconf 89' lang='lat' dir='ltr'>simodo</span> <span class='ocrx_word' id='word_1_188' title='bbox 502 2911 617 2971; x_wconf 90' lang='lat' dir='ltr'>minime</span> <span class='ocrx_word' id='word_1_189' title='bbox 635 2911 735 2970; x_wconf 87' lang='lat' dir='ltr'>mirum</span> <span class='ocrx_word' id='word_1_190' title='bbox 751 2918 796 2969; x_wconf 90' lang='lat' dir='ltr'>est</span> <span class='ocrx_word' id='word_1_191' title='bbox 811 2909 955 2968; x_wconf 91' lang='lat' dir='ltr'>hominem</span> <span class='ocrx_word' id='word_1_192' title='bbox 973 2908 1100 2986; x_wconf 88' lang='lat' dir='ltr'>genitum</span> 
     </span>
     <span class='ocr_line' id='line_1_29' title="bbox 95 2993 1099 3074; baseline -0.002 -25"><span class='ocrx_word' id='word_1_193' title='bbox 95 3007 152 3051; x_wconf 92' lang='lat' dir='ltr'>non</span> <span class='ocrx_word' id='word_1_194' title='bbox 168 2994 261 3053; x_wconf 88' lang='lat' dir='ltr'>omnia</span> <span class='ocrx_word' id='word_1_195' title='bbox 282 2993 404 3054; x_wconf 85' lang='lat' dir='ltr'>humana</span> <span class='ocrx_word' id='word_1_196' title='bbox 422 2995 550 3055; x_wconf 88' lang='lat' dir='ltr'>novisse.</span> <span class='ocrx_word' id='word_1_197' title='bbox 583 3003 764 3074; x_wconf 87' lang='lat' dir='ltr'>quapropter</span> <span class='ocrx_word' id='word_1_198' title='bbox 783 3001 932 3053; x_wconf 90' lang='lat' dir='ltr'>auctorem</span> <span class='ocrx_word' id='word_1_199' title='bbox 956 2993 1099 3051; x_wconf 88' lang='lat' dir='ltr'>neminem</span> 
     </span>
     <span class='ocr_line' id='line_1_30' title="bbox 96 3077 1099 3157; baseline -0.004 -23"><span class='ocrx_word' id='word_1_200' title='bbox 96 3094 180 3134; x_wconf 93' lang='lat' dir='ltr'>unum</span> <span class='ocrx_word' id='word_1_201' title='bbox 196 3095 317 3155; x_wconf 81' lang='lat' dir='ltr'>sequar,</span> <span class='ocrx_word' id='word_1_202' title='bbox 345 3079 398 3139; x_wconf 88' lang='lat' dir='ltr'>sed</span> <span class='ocrx_word' id='word_1_203' title='bbox 421 3086 614 3157; x_wconf 79' lang='lat' dir='ltr'>utquomque</span> <span class='ocrx_word' id='word_1_204' title='bbox 636 3078 818 3138; x_wconf 87' lang='lat' dir='ltr'>verissimum</span> <span class='ocrx_word' id='word_1_205' title='bbox 841 3077 869 3135; x_wconf 92' lang='lat' dir='ltr'>in</span> <span class='ocrx_word' id='word_1_206' title='bbox 886 3093 1000 3154; x_wconf 86' lang='lat' dir='ltr'>quaque</span> <span class='ocrx_word' id='word_1_207' title='bbox 1016 3082 1099 3154; x_wconf 91' lang='lat' dir='ltr'>parte</span> 
     </span>
     <span class='ocr_line' id='line_1_31' title="bbox 96 3158 1165 3239; baseline -0.006 -23"><span class='ocrx_word' id='word_1_208' title='bbox 96 3158 275 3234; x_wconf 86' lang='lat' dir='ltr'>arbitrabor,</span> <span class='ocrx_word' id='word_1_209' title='bbox 303 3162 437 3239; x_wconf 89' lang='lat' dir='ltr'>quoniam</span> <span class='ocrx_word' id='word_1_210' title='bbox 463 3178 613 3221; x_wconf 89' lang='lat' dir='ltr'>commune</span> <span class='ocrx_word' id='word_1_211' title='bbox 638 3162 730 3222; x_wconf 80' lang='lat' dir='ltr'>ferme</span> <span class='ocrx_word' id='word_1_212' title='bbox 759 3160 891 3220; x_wconf 90' lang='lat' dir='ltr'>omnibus</span> <span class='ocrx_word' id='word_1_213' title='bbox 920 3159 972 3219; x_wconf 88' lang='lat' dir='ltr'>iuit</span> <span class='ocrx_word' id='word_1_214' title='bbox 994 3168 1024 3218; x_wconf 90' lang='lat' dir='ltr'>ut</span> <span class='ocrx_word' id='word_1_215' title='bbox 1048 3171 1136 3215; x_wconf 75' lang='lat' dir='ltr'>cosas</span> <span class='ocrx_word' id='word_1_216' title='bbox 1162 3171 1165 3177; x_wconf 91' lang='lat'>·</span> 
     </span>
     <span class='ocr_line' id='line_1_32' title="bbox 96 3240 1099 3324; baseline -0.002 -25"><span class='ocrx_word' id='word_1_217' title='bbox 96 3243 219 3320; x_wconf 85' lang='lat' dir='ltr'>quisque</span> <span class='ocrx_word' id='word_1_218' title='bbox 236 3244 674 3321; x_wconf 83' lang='lat' dir='ltr'>diligentissimesituasdiceret</span> <span class='ocrx_word' id='word_1_219' title='bbox 694 3246 722 3303; x_wconf 96' lang='lat' dir='ltr'>in</span> <span class='ocrx_word' id='word_1_220' title='bbox 739 3244 843 3324; x_wconf 89' lang='lat' dir='ltr'>quibus</span> <span class='ocrx_word' id='word_1_221' title='bbox 860 3246 924 3323; x_wconf 90' lang='lat' dir='ltr'>ipse</span> <span class='ocrx_word' id='word_1_222' title='bbox 944 3240 1099 3322; x_wconf 86' lang='lat' dir='ltr'>prodebat.</span> 
     </span>
    </p>

    <p class='ocr_par' dir='ltr' id='par_1_10' title="bbox 66 3321 1103 3490">
     <span class='ocr_line' id='line_1_33' title="bbox 66 3321 1102 3407; baseline -0.007 -20"><span class='ocrx_word' id='word_1_223' title='bbox 66 3321 166 3387; x_wconf 79' lang='lat' dir='ltr'>alueo</span> <span class='ocrx_word' id='word_1_224' title='bbox 188 3345 243 3386; x_wconf 91' lang='lat' dir='ltr'>nec</span> <span class='ocrx_word' id='word_1_225' title='bbox 259 3328 385 3406; x_wconf 89' lang='lat' dir='ltr'>culpabo</span> <span class='ocrx_word' id='word_1_226' title='bbox 408 3337 456 3388; x_wconf 87' lang='lat' dir='ltr'>aut</span> <span class='ocrx_word' id='word_1_227' title='bbox 479 3345 635 3405; x_wconf 85' lang='lat' dir='ltr'>coarguam</span> <span class='ocrx_word' id='word_1_228' title='bbox 662 3347 846 3407; x_wconf 86' lang='lat' dir='ltr'>quemquam.</span> <span class='ocrx_word' id='word_1_229' title='bbox 880 3329 1011 3388; x_wconf 92' lang='lat' dir='ltr'>locorum</span> <span class='ocrx_word' id='word_1_230' title='bbox 1027 3321 1102 3383; x_wconf 92' lang='lat' dir='ltr'>nuda</span> 
     </span>
     <span class='ocr_line' id='line_1_34' title="bbox 96 3409 1103 3490; baseline 0 -25"><span class='ocrx_word' id='word_1_231' title='bbox 96 3409 210 3468; x_wconf 90' lang='lat' dir='ltr'>uomina</span> <span class='ocrx_word' id='word_1_232' title='bbox 230 3420 258 3469; x_wconf 91' lang='lat' dir='ltr'>et</span> <span class='ocrx_word' id='word_1_233' title='bbox 276 3420 381 3490; x_wconf 88' lang='lat' dir='ltr'>quanta</span> <span class='ocrx_word' id='word_1_234' title='bbox 397 3412 511 3472; x_wconf 91' lang='lat' dir='ltr'>dabitur</span> <span class='ocrx_word' id='word_1_235' title='bbox 533 3411 676 3472; x_wconf 86' lang='lat' dir='ltr'>brevitate</span> <span class='ocrx_word' id='word_1_236' title='bbox 699 3420 860 3490; x_wconf 86' lang='lat' dir='ltr'>ponentur,</span> <span class='ocrx_word' id='word_1_237' title='bbox 888 3412 1018 3470; x_wconf 87' lang='lat' dir='ltr'>claritate</span> <span class='ocrx_word' id='word_1_238' title='bbox 1035 3424 1103 3468; x_wconf 87' lang='lat' dir='ltr'>eau-</span> 
     </span>
    </p>
   </div>
   <div class='ocr_carea' id='block_1_8' title="bbox 0 0 1204 3856">
    <p class='ocr_par' dir='ltr' id='par_1_11' title="bbox 0 0 1204 3856">
     <span class='ocr_line' id='line_1_35' title="bbox 0 0 1204 3856; baseline 0 0"><span class='ocrx_word' id='word_1_239' title='bbox 0 0 1204 3856; x_wconf 95' lang='lat' dir='ltr'> </span> 
     </span>
    </p>
   </div>
  </div>
 </body>
</html>
