2400 3856
346 203 426 250 nau.
442 204 533 256 rursu.
549 205 584 251 11.
606 197 725 252 73-79.
744 193 884 272 (tu-st.)
1043 194 1102 258 107

94 356 195 417 Umbri
219 375 235 415 a
256 357 377 417 meridie
393 358 423 417 in
439 358 605 436 meridiem,
626 359 732 437 volgus
748 378 833 420 omne
854 360 950 421 aluce
971 361 1006 421 ad
1021 372 1102 423 tene·

94 441 180 517 bras,
203 440 374 524 sacerdotes
394 439 515 501 Romani
537 444 631 519 etqui
653 442 728 503 diem
748 444 851 504 finiere
875 445 1007 521 civilem,
1032 448 1102 506 item

93 524 234 602 Aegyptii
249 531 280 584 et
291 522 484 602 Hipparchus,
496 544 513 586 a
524 525 618 585 media
632 535 719 585 nocte
733 527 763 586 in
773 527 905 588 mediam.
928 529 1043 589 'minora
1055 549 1102 590 au-

95 616 153 667 tem
164 605 317 668 intervalla
330 625 398 668 esse
411 608 484 670 lucis
495 611 573 669 inter
585 616 686 668 ortuus
701 610 773 669 solis
789 612 868 670 iuxta
881 610 1006 671 solstitia
1018 630 1101 689 quam

70 691 279 768 saeqninoctia
297 699 435 770 apparet,
458 694 524 769 quia
545 692 655 771 positio
678 694 811 771 signiferi
838 695 914 755 circa
940 695 1034 756 media
1056 699 1099 756 sui

94 775 242 851 obliquior
261 783 323 852 est,
343 776 423 834 iuxta
439 776 595 837 solstitium
611 785 707 836 autem
722 779 842 838 rectior.

157 855 208 919 78.
226 855 310 936 (80.)
333 856 523 919 Contexenda
538 869 604 920 sunt
618 859 663 919 his
684 860 861 920 caelestibus
880 880 955 923 nexa
973 865 1078 923 causis.
1092 870 1143 924 189

92 940 223 1019 Namque
238 949 268 1000 et
287 941 450 1020 Aethiopas
467 945 553 1003 vieini
568 943 673 1003 sideris
686 962 797 1023 vapore
810 948 916 1005 torreri
932 946 1105 1024 adustisque

94 1025 204 1085 similes
221 1026 302 1102 gigni
320 1025 411 1085 barba
424 1035 454 1085 et
468 1025 575 1104 eapillo
590 1027 705 1087 vibrato
722 1045 780 1088 non
798 1037 845 1088 est
860 1027 992 1106 dubium,
1010 1040 1039 1090 et
1053 1031 1100 1090 ad·

59 1132 85 1171 so
95 1126 180 1169 versa
201 1108 287 1186 plaga
306 1108 401 1168 muudi
426 1110 546 1170 candida
566 1119 652 1188 atque
674 1112 788 1187 glaciali
813 1121 879 1172 cute
904 1132 973 1173 esse
995 1123 1100 1190 gentes

94 1192 176 1253 ilaris
195 1193 353 1270 promissas
374 1194 519 1271 crinibus,
545 1203 642 1254 truces
664 1212 736 1255 vero
761 1214 800 1256 ex
821 1197 895 1256 caeli
914 1198 1016 1274 rigore
1037 1197 1099 1276 has,

92 1276 158 1336 illas
175 1273 336 1336 mobilitate
353 1278 521 1355 sapientes,
539 1279 663 1355 ipsoque
682 1297 796 1338 crurum
810 1289 978 1357 argumento
997 1280 1055 1341 illis
1070 1284 1100 1341 in

93 1378 201 1439 supera
217 1377 316 1419 sucum
338 1362 471 1420 revocari
488 1368 589 1420 natura
607 1360 745 1439 vaporis,
766 1362 811 1421 bis
832 1364 861 1420 in
876 1365 985 1423 inferas
1000 1374 1100 1441 partes

93 1444 203 1522 depelli
222 1461 322 1503 umore
338 1442 479 1520 deciduo,
496 1442 543 1503 bic
557 1461 665 1520 graves
681 1445 778 1521 feras,
796 1445 857 1504 illic
873 1447 966 1505 varias
983 1448 1100 1523 effigies

58 1527 254 1587 reanimalium
269 1528 427 1605 provenire
444 1535 475 1587 et
489 1528 612 1587 maxime
627 1527 726 1588 alitum
741 1530 770 1588 in
781 1526 884 1588 multas
900 1529 1006 1605 liguras
1019 1533 1100 1607 gigni

94 1611 241 1688 volucres,
254 1627 409 1689 corporum
417 1618 513 1671 autem
525 1612 733 1690 proceritatem
744 1611 911 1690 utrobique,
920 1611 981 1671 illie
992 1613 1100 1688 ignium

92 1696 174 1772 nisu,
190 1694 237 1754 hic
253 1697 361 1754 umoris
377 1695 525 1755 alimento.
553 1694 648 1754 medio
662 1712 735 1754 vero
752 1703 849 1755 terrae
863 1694 970 1755 salubri
983 1696 1080 1755 utrim·
1094 1703 1143 1755 190

93 1796 150 1857 que
168 1779 291 1838 mixtura
306 1778 413 1838 fertilis
429 1778 464 1838 ad
480 1779 573 1838 omnia
589 1784 718 1837 tractuus
732 1779 863 1837 modicos
880 1795 1035 1856 corporum
1050 1779 1098 1839 ha·

92 1863 189 1922 bituus
205 1881 308 1938 magna
328 1863 402 1922 etin
419 1861 522 1922 colore
541 1862 701 1938 temperie,
722 1862 814 1920 rituus
831 1861 953 1938 molles,
975 1879 1098 1921 sensuus

57 1968 84 2008 20
93 1945 237 2025 liquidos,
262 1948 379 2023 ingenia
395 1945 519 2006 fecunda
538 1945 686 2022 totiusque
701 1952 821 2004 naturae
842 1946 975 2022 capacia,
996 1946 1099 2005 iisdem

92 2032 231 2108 imperia,
256 2048 329 2109 quae
350 2047 499 2108 numquam
525 2028 639 2088 extimis
661 2027 797 2105 gentibus
819 2028 943 2105 luerint,
967 2028 1099 2089 sicutne

92 2112 161 2173 illae
178 2114 292 2191 quidem
307 2113 352 2174 his
368 2114 518 2192 paruerint
533 2111 652 2173 avolsae
668 2129 701 2171 ac
717 2127 771 2190 pro
787 2112 961 2173 immanitate
978 2120 1098 2174 naturae

92 2199 242 2275 urguentis
259 2197 323 2258 illas
341 2198 499 2258 solitariae.

156 2279 205 2342 79.
220 2280 304 2358 (81.)
318 2279 542 2357 Babyloniorum
552 2278 658 2358 placita
673 2287 704 2339 et
714 2287 828 2339 motuus
844 2287 943 2339 terrae
956 2279 1140 2339 hiatum-191

56 2382 83 2422 ns
93 2383 149 2444 que
169 2383 225 2442 qua
240 2373 339 2423 cetera
354 2364 448 2422 omnia
463 2363 589 2422 siderum
600 2364 629 2422 vi
646 2364 812 2422 existimant
824 2361 899 2437 lieri,
915 2361 968 2421 sed
983 2362 1099 2421 illorum

93 2450 178 2508 trium
199 2447 302 2523 quibus
323 2445 440 2520 fulmina
461 2445 630 2521 adsignant,
656 2445 721 2504 lieri
744 2452 840 2505 autem
859 2446 1013 2504 meantium
1035 2462 1099 2504 cum

94 2530 159 2590 sole
176 2536 224 2587 aut
236 2529 456 2604 congruentium
468 2535 499 2588 et
512 2528 633 2587 maxime
646 2528 723 2587 eirea
738 2526 875 2605 quadrata
887 2527 991 2589 mundi.
1015 2545 1098 2606 prae-

91 2614 169 2673 clara
185 2611 323 2690 quaedam
339 2619 368 2672 et
380 2611 538 2673 inmortalis
553 2613 583 2670 in
599 2628 648 2687 eo,
664 2612 689 2671 si
704 2609 867 2687 credimus,¹
883 2611 1017 2672 divinitas
1032 2629 1097 2690 per-

92 2696 210 2756 hibetur
225 2688 439 2765 Anaximandro
455 2694 571 2757 Milesio
588 2693 724 2774 physico,
739 2712 825 2772 quem
840 2695 938 2754 lerunt
953 2693 1098 2755 lacedae-

56 2782 194 2840 aomouiis
218 2780 402 2860 praedixisse
429 2789 459 2840 ut
482 2779 584 2841 urbem
608 2797 641 2839 ac
664 2787 740 2839 tecta
766 2778 965 2855 custodirent,
987 2780 1099 2839 instare

92 2866 168 2925 enim
178 2873 286 2925 motum
298 2873 407 2939 terrae,
423 2872 454 2923 et
467 2872 526 2924 tum
535 2864 606 2923 urbs
619 2870 680 2924 tota
692 2880 794 2923 eorum
805 2863 919 2923 conruit
931 2870 962 2922 et
974 2861 1098 2938 Taygeti

91 2951 196 3009 montis
207 2966 310 3025 magna
321 2966 388 3027 pars
401 2947 436 3007 ad
446 2947 566 3008 iormam
578 2948 683 3025 puppis
701 2947 830 3007 eminens
850 2945 971 3022 abrupta
987 2943 1098 3004 cladem

91 3052 155 3094 eam
169 3035 290 3111 iusuper
306 3033 388 3092 ruina
403 3032 520 3110 pressit.
544 3029 716 3109 perhibetur
732 3039 762 3091 et
776 3027 938 3104 Pherecydi
953 3027 1098 3103 Pythago·

92 3135 142 3177 rae
157 3115 272 3176 doctori
287 3114 343 3176 alia
354 3115 543 3192 coniectatio,
560 3112 614 3175 sed
629 3123 659 3175 et
674 3114 724 3174 illa
735 3113 843 3188 divina,
858 3111 961 3170 haustu
977 3126 1098 3187 aquaee

57 3216 82 3256 ss
93 3209 181 3278 puteo
198 3200 402 3278 praesensisse
414 3217 447 3260 ac
459 3199 640 3277 praedixisse
652 3197 693 3258 ibi
706 3205 803 3258 terrae
815 3203 932 3253 motum.
961 3189 1043 3262 Quae
1056 3193 1140 3252 silua

91 3302 162 3344 vera
178 3292 255 3361 sunt,
271 3291 406 3361 quantum
421 3282 507 3345 adeo
522 3282 636 3343 tandem
650 3281 744 3341 videri
759 3285 882 3357 possunt
897 3275 972 3335 tales
988 3275 1097 3336 distare

91 3369 156 3427 dum
181 3365 298 3427 vivant?
331 3365 369 3426 ltu
390 3367 463 3428 haec
478 3366 593 3444 quidem
613 3365 735 3425 arbitrio
752 3362 891 3437 cuiusque
908 3359 1097 3419 existimanda

91 3451 305 3530 relinquantur,
325 3459 430 3512 ventos
447 3451 477 3510 in
492 3467 579 3510 causa
595 3466 663 3509 esse
678 3463 737 3506 non
752 3442 868 3503 dubium
889 3460 970 3504 reor.
1000 3460 1096 3520 neque
