2400 3856
339 194 418 243 uua.
440 195 529 242 musa.
552 194 598 242 vr.
623 187 743 242 30-33.
765 179 905 259 (tn-38.)
1065 172 1127 238 2ῠῖ

118 347 281 425 conplexus
299 348 445 408 Iunoniam
464 349 571 410 abesse
591 367 607 408 a
619 347 746 410 Gadibus
759 347 856 412 DCCI
868 349 927 410 mil.
939 365 1017 428 pass.
1031 345 1127 406 tradit.

117 430 153 490 ab
173 450 207 490 ea
224 432 389 493 tantundem
405 433 440 492 ad
452 451 585 493 oceasum
596 451 700 493 versus
711 433 877 494 Pluuialiam
893 431 1126 512 Caprariamque.

117 516 146 574 in
163 514 305 576 Pluuialia
326 534 383 576 non
407 534 474 577 esse
495 534 595 596 aquam
617 518 672 577 nisi
694 536 732 577 ex
751 519 900 579 imbribus.
937 518 1031 576 abiis
1056 511 1127 574 CCL

117 599 176 659 mli.
199 618 277 678 pass.
312 600 487 662 Fortunatas
516 608 617 662 contra
640 601 752 661 laevam
766 601 964 664 Mauretaniae
993 602 1023 659 in
1048 597 1126 658 VIII.

88 697 101 738 n
118 683 218 745 boram
235 685 325 761 solis,
341 685 440 744 vocari
456 684 596 745 Inuallem
610 687 798 747 convexitate
813 696 843 747 et
853 686 1015 747 Planasiam
1030 701 1047 742 a
1061 701 1127 763 spe·

117 768 181 845 oie,
196 767 315 828 Invallis
331 771 453 830 circuitu
476 767 550 828 CCC
566 768 625 828 mil.
645 787 788 848 passuum.
817 771 953 830 arborum
967 769 1008 828 ibi
1023 785 1128 846 proca-

115 854 231 912 ritatem
256 853 289 913 ad
315 851 389 914 CXL
414 853 506 932 pedes
528 852 712 917 adolescere.
744 854 815 916 Iuba
837 854 874 915 de
891 853 1057 914 Fortunatis
1078 852 1180 910 itaaot

116 937 284 1014 Inquisivit:
302 937 355 997 sub
371 938 520 998 meridiem
536 939 649 1017 positas
665 957 734 999 esse
756 956 851 1017 prope
866 955 1011 1014 oceasum,
1027 953 1044 996 a
1058 934 1128 994 I’nr-

117 1022 241 1098 purariis
261 1019 397 1082 DCXXV
417 1022 476 1081 mil.
499 1039 653 1099 passuum,
678 1026 721 1084 sie
741 1031 773 1083 ut
796 1020 867 1082 CCI
885 1038 972 1100 supra
995 1036 1128 1081 oceasum

79 1121 104 1160 ιο
118 1106 289 1183 navr'getnr,
310 1106 378 1166 dein
393 1124 448 1184 per
464 1104 645 1166 CCCLXXV
659 1107 718 1167 mil.
739 1125 876 1186 passuum
899 1114 981 1167 ortus
1001 1110 1127 1185 petatur.

118 1190 236 1266 prImam
252 1191 351 1250 vocari
369 1189 508 1250 Ombrion
523 1190 609 1251 nullis
625 1191 822 1253 aedificiorum
840 1191 994 1268 vestigiis,
1017 1188 1128 1250 habere

119 1274 148 1330 in
161 1273 308 1332 montibus
321 1283 468 1354 stagnum,
484 1274 608 1334 arbores
620 1276 729 1336 slmiles
745 1275 868 1353 ferulae,
886 1294 924 1336 ex
940 1275 1043 1353 quibus
1055 1289 1129 1351 aqna

119 1357 312 1434 expalmatur,
330 1376 348 1417 e
366 1358 458 1434 nigris
475 1375 587 1435 amara,
607 1376 646 1418 ex
664 1359 878 1419 candidioribus
901 1361 982 1438 potui
998 1356 1127 1419 iucunda.

119 1440 238 1500 alteram
258 1440 379 1501 insulam
402 1440 550 1501 Iunoniam
570 1442 730 1521 appellari,
761 1445 790 1502 ln
812 1461 847 1503 ea
867 1443 1026 1503 aediculam
1048 1444 1180 1502 esse204

79 1541 106 1579 15
120 1533 227 1584 tantum
243 1524 339 1602 lapide
356 1533 540 1586 exstructam.
571 1527 607 1586 ab
623 1545 659 1586 ea
672 1528 701 1586 io
715 1529 812 1589 vicmo
828 1527 933 1587 eodem
947 1527 1063 1586 nomiae
1079 1527 1130 1584 mi·

117 1626 236 1687 norem,
263 1610 368 1670 deiude
395 1607 560 1688 Caprariam
586 1610 704 1671 IaeertIs
730 1609 888 1689 grandibus
911 1611 1058 1694 relertam.
1099 1611 1129 1668 in

117 1702 279 1772 conspeetu
295 1712 393 1754 earum
408 1714 477 1754 esse
489 1693 693 1773 Ninguariam,
709 1713 783 1774 quae
795 1694 851 1755 boc
863 1712 967 1754 nomen
978 1695 1129 1773 acceperit

116 1796 133 1837 a
151 1787 295 1856 perpetua
311 1781 397 1856 nive,
420 1779 597 1839 nebulosam.
626 1781 785 1858 proximam
801 1782 828 1840 ei
845 1777 995 1840 Canariam
1016 1777 1180 1839 vocaritto

116 1881 133 1922 a
155 1861 335 1923 multitudine
358 1881 459 1924 eanum
480 1865 607 1940 ingentis
629 1864 848 1942 magnitudinis,
877 1882 915 1924 ex
937 1864 1042 1942 quibus
1062 1881 1129 1942 per-

77 1945 197 2005 aoducti
226 1955 292 2007 sunt
311 1947 400 2007 lubae
422 1947 488 2007 duo.
531 1956 672 2026 apparent
698 1948 740 2008 ibi
770 1949 897 2026 vestigia
922 1947 1127 2008 aediliciorum.

119 2048 182 2090 oum
204 2049 303 2091 omnes
331 2039 426 2092 autem
446 2033 531 2110 eopia
554 2051 703 2111 pomorum
730 2039 761 2093 et
780 2035 874 2093 avium
895 2033 987 2092 omnis
1008 2032 1128 2109 generis

120 2114 284 2193 abundent,
303 2115 374 2175 hanc
388 2123 419 2176 et
435 2117 566 2194 palmetis
583 2125 717 2193 caryotas
730 2117 894 2178 ferentibus
909 2135 943 2178 ae
953 2134 1027 2177 nuce
1042 2117 1130 2194 pinea

118 2199 276 2260 abundare.
308 2219 376 2261 esse
390 2202 503 2280 copiam
521 2209 551 2261 et
566 2202 673 2279 mellis,
688 2219 828 2281 papyrum
843 2220 962 2282 quoque
977 2209 1007 2261 et
1021 2200 1128 2261 siluros

118 2285 149 2341 in
170 2284 298 2343 amnibus
319 2286 416 2360 gr’gni,
437 2286 568 2345 infestari
594 2304 644 2347 eas
666 2285 762 2346 beluis
783 2304 857 2363 quae
881 2285 1065 2364 expellantur
1081 2282 1129 2344 ad·

76 2383 104 2423 aa
118 2366 200 2426 sidue
216 2367 460 2444 putrescenthus.

139 2447 141 2451 ’
182 2448 266 2530 (38.)
289 2450 328 2510 Et
342 2450 456 2512 abunde
472 2451 545 2512 orbe
562 2461 704 2512 terrarum
720 2461 801 2513 extra
817 2453 890 2512 intra
906 2453 1031 2513 lndIcato
1046 2450 1128 2511 colli-

117 2535 213 2612 genda
228 2537 258 2594 ln
279 2543 370 2595 artum
385 2554 518 2596 mensura
537 2553 694 2614 aequorum
711 2535 833 2596 videtur.
871 2534 921 2598 33.
944 2535 1084 2612 Polybius
1101 2536 1181 2596 a20li

118 2617 259 2680 Gaditano
285 2620 363 2680 lrcto
392 2620 601 2697 longitudinem
625 2619 737 2680 directo
769 2638 855 2680 cursu
881 2619 916 2679 ad
946 2637 980 2679 os
1003 2617 1128 2679 llaeotis

119 2704 255 2786 [llx'll'lt‘fit
275 2702 415 2764 XXXVII
431 2704 488 2763 mil.
511 2704 537 2764 I)
554 2722 687 2783 passuum
705 2704 849 2781 prodidit,
872 2703 907 2764 ab
926 2703 1030 2765 eodem
1045 2704 1128 2763 Initio

81 2803 107 2844 oo
120 2788 155 2848 ad
171 2790 314 2849 orientem
329 2797 411 2848 recto
428 2806 514 2848 cursu
528 2788 652 2848 Siciliam
663 2786 767 2931 Ἧι
782 2788 839 2848 mil.
853 2803 1000 2866 passuum,
1012 2783 1129 2848 Cretam

121 2869 301 2932 CCCLXXV
318 2871 347 2931 Μ
365 2890 516 2950 passuum,
538 2871 670 2933 Rhodum
691 2870 713 2932 C
738 2871 878 2934 XXXVII
892 2871 962 2932 tto
982 2889 1128 2950 passuum,

120 2954 308 3016 Chelidonias
330 2956 512 3031 tantundem,
536 2954 662 3033 Cyprum
684 2954 818 3019 CCXXV
841 2957 870 3017 Μ
890 2973 1040 3035 passuum,
1061 2955 1128 3016 inde

121 3040 223 3117 Syriae
240 3039 404 3100 Seleuciam
426 3040 550 3101 Pieriam
573 3039 652 3100 CXV
671 3041 729 3100 mil.
750 3059 901 3121 passuum,
924 3058 998 3118 quae
1021 3058 1129 3119 conpu-

120 3125 192 3183 tatio
211 3125 302 3186 eilicit
317 3126 419 3209 Μ]
438 3123 487 3184 XI
505 3125 533 3184 Μ
549 3143 693 3203 passuum.
725 3125 856 3203 Agrippa
870 3125 927 3185 boc
940 3123 1016 3185 idem
1031 3125 1178 3184 inter-20⁷

81 3221 107 3262 os
120 3206 224 3267 vallum
244 3226 259 3267 a
281 3209 359 3269 lreto
378 3207 518 3269 Gaditano
542 3209 578 3269 ad
600 3211 692 3269 sinum
707 3208 827 3270 issicum
843 3226 897 3288 per
919 3208 1128 3286 longitudInem

118 3291 257 3352 directam
274 3296 410 3376 piffiffp
428 3292 477 3353 XI
492 3293 521 3353 Μ
534 3311 670 3373 passuum
686 3300 780 3370 taxat,
803 3295 833 3353 ia
851 3309 908 3371 quo
924 3293 993 3354 baut
1013 3294 1075 3353 scio
1091 3310 1128 3352 an

120 3377 157 3435 sit
172 3394 257 3437 error
276 3380 404 3455 numeri,
426 3379 561 3457 quoniam
576 3377 652 3438 idem
676 3396 692 3437 a
707 3376 807 3438 Siculo
828 3378 906 3438 ireto
920 3376 1128 3438 Alexandriam

120 3477 222 3521 cursus
242 3464 319 3544 p‘x‘ffip
340 3460 362 3521 I
383 3462 441 3522 mil.
464 3480 600 3542 passuum
622 3461 746 3524 tradidit.
782 3463 935 3523 universus
957 3470 1051 3523 autem
1073 3463 1127 3522 clr-

185 3577 264 3614 aurur
283 3577 344 3613 aar.
363 3578 435 3614 mer.
453 3564 476 3614 1.
885 3545 923 3608 l'I
