2400 3856
122 166 187 234 216
468 179 500 230 c.
521 179 619 228 rursu
641 178 790 230 sncuunr

121 336 285 412 Bithyniam
297 342 410 395 vorant.
443 341 489 394 est
503 342 532 394 et
542 333 698 394 Antiochia
716 343 746 394 et
757 342 858 395 eontra
873 334 974 395 fauces
985 334 1140 412 Rhyndaci

122 421 266 482 Besbioos
291 417 387 479 XVIII
408 416 437 476 Μ
459 419 589 477 circuita.
631 425 677 478 est
696 415 786 478 Elaea
809 426 839 478 et
861 416 934 479 duae
948 416 1141 500 Rhodussae,

122 502 336 581 Erebintbote,
352 500 485 579 Megale,
502 498 657 579 chalcitis,
673 501 824 578 Pityodes.
1162 521 1167 527 ·

393 767 428 853 o.
457 768 604 854 rnrnr
635 703 864 854 sonuum

224 922 610 1073 trutannus
649 920 1036 1017 utsroarnu

477 1101 674 1166 LIBER
717 1100 777 1166 VI.

90 1351 108 1405 1
189 1338 258 1422 Cap.
278 1338 305 1402 1.
330 1339 427 1420 (Soet.
443 1337 489 1420 1.)
511 1339 620 1401 Pontus
644 1337 775 1402 Eurinus
798 1348 885 1401 antea
905 1341 942 1404 ab
966 1341 1140 1424 inhospitali

124 1426 244 1487 feritate
260 1424 372 1485 Axinus
385 1423 549 1503 appellatus
565 1432 620 1486 est.
644 1423 783 1504 peculiari
804 1423 912 1485 invidia
931 1435 1053 1487 naturae
1074 1429 1140 1489 sine

124 1508 182 1570 ulla
198 1510 254 1570 fine
270 1507 446 1586 indulgentis
459 1507 587 1570 aviditati
599 1509 685 1569 maris
701 1517 732 1569 et
743 1510 808 1589 ipse
824 1510 854 1568 in
865 1506 1013 1590 Europam
1024 1510 1140 1572 Asiam·

125 1610 183 1674 que
201 1593 335 1654 funditur.
365 1610 424 1653 non
438 1593 532 1653 iuerat
554 1595 625 1653 satis
643 1610 752 1654 oceano
770 1593 895 1652 ambisse
910 1602 1004 1654 terras
1024 1603 1055 1654 et
1072 1613 1137 1674 par·
1151 1610 1175 1651 no

125 1687 185 1739 tem
207 1695 305 1738 earum
328 1685 409 1736 aneta
423 1677 589 1738 inmanitate
609 1676 782 1752 abstulisse,
800 1693 858 1738 non
873 1677 1020 1756 inrupisse
1036 1678 1139 1740 fractis

124 1760 270 1821 montibus
290 1758 439 1839 Calpeque
460 1759 581 1821 Africae
602 1759 702 1821 avolsa
721 1768 801 1820 tanto
822 1760 931 1820 maiora
945 1760 1139 1823 absorbuisse

125 1862 210 1925 quam
230 1842 411 1923 relinqueret
432 1846 541 1924 spatia,
565 1863 624 1905 non
646 1862 700 1923 per
720 1842 941 1923 Hellespontum
957 1843 1140 1924 Propontida
1161 1843 1164 1849 ’

124 1928 267 1989 infudisse
283 1930 388 1988 iterum
403 1929 491 1989 terris
505 1927 664 1990 devoratis.
692 1946 709 1987 a
725 1926 860 2007 bosporo
877 1945 995 2007 quoque
1007 1930 1037 1988 in
1054 1929 1139 1990 aliam

125 2013 290 2072 vastitatem
308 2011 442 2091 panditur
463 2011 541 2072 nnlla
555 2013 690 2073 satietate
706 2010 800 2072 donee
820 2030 858 2072 ex
878 2013 1014 2089 spatianti
1038 2012 1137 2073 laeuus
1151 2027 1174 2068 ns

88 2094 232 2156 2Maeoti
255 2097 384 2172 rapinam
405 2108 484 2155 suam
504 2096 630 2172 iungant.
673 2095 775 2155 Invitis
801 2095 857 2155 boo
883 2095 1026 2157 accidisse
1049 2100 1138 2158 terris

125 2177 233 2238 indioio
249 2186 315 2236 sunt
331 2185 375 2237 tot
392 2178 541 2256 angustiae
558 2185 645 2257 atque
659 2188 716 2239 tam
731 2197 819 2256 parva
839 2186 957 2240 naturae
974 2198 1139 2260 repugnan-

126 2263 164 2323 tis
185 2259 355 2340 intervalla,
383 2262 420 2322 ad
446 2260 667 2341 Hellespontum
686 2259 897 2323 DCCCLXXV
921 2281 1076 2343 passuum,
1104 2264 1139 2325 ad

124 2345 278 2425 bosporos
295 2344 368 2406 duos
381 2345 430 2406 rel
445 2345 539 2407 bubus
559 2344 676 2408 meabili
699 2348 837 2425 transitu,
857 2346 933 2408 unde
954 2365 1064 2408 nomen
1082 2366 1138 2408 am·

125 2430 238 2505 bobus,
260 2437 290 2490 et
307 2431 363 2490 iam
384 2429 522 2510 quaedam
541 2430 570 2491 in
585 2429 792 2492 dissociatione
807 2432 984 2509 germanitas
1002 2449 1137 2493 concors.
1149 2447 1173 2487 ao

125 2514 223 2574 alitum
239 2515 347 2593 quippe
362 2522 481 2575 eantuas
496 2532 655 2594 canumque
671 2515 813 2575 latratuus
834 2515 959 2575 invicem
972 2513 1138 2590 audiuntur,

126 2599 209 2658 voeis
227 2599 312 2658 etiam
333 2597 471 2659 humanae
487 2599 668 2673 conmercia,
696 2600 773 2659 inter
794 2598 867 2659 duos
891 2599 979 2659 orbes
1001 2608 1138 2660 manente

91 2689 111 2742 3
128 2681 303 2757 conloquio,
318 2682 373 2741 nisi
390 2683 494 2742 numid
509 2684 603 2760 ipsum
614 2682 747 2742 auferunt
762 2681 854 2743 venti.
876 2681 1040 2742 blensaram
1051 2683 1139 2743 Ponti

126 2782 143 2824 a
157 2762 292 2840 Bosporo
312 2762 346 2822 ad
361 2763 517 2825 Maeotium
532 2766 623 2825 laeum
637 2765 750 2844 quidam
767 2767 867 2827 iecere
885 2768 962 2849 itii-vt
981 2764 1139 2827 XXXVIII

124 2846 155 2908 Μ
170 2847 196 2906 D
212 2864 363 2925 passuum,
388 2846 599 2909 Eratosthenes
622 2846 675 2908 cm
696 2849 847 2910 minorem.
887 2849 1021 2929 Agrippa
1040 2868 1057 2910 a
1074 2849 1174 2911 Cal-an

126 2931 256 2993 ohadone
279 2930 314 2991 ad
335 2929 450 2992 Phasim
469 2935 522 3017 pr,
543 2932 610 2995 inde
626 2933 789 3013 Bosporum
811 2931 993 2994 Cimmerium
1010 2931 1139 2995 cccix

125 3017 213 3076 milia.
251 3033 305 3075 nos
325 3015 478 3077 intervalla
500 3018 662 3094 generatim
690 3018 822 3096 ponimus
848 3026 989 3097 conperta
1010 3018 1040 3078 iu
1062 3037 1138 3080 aevo

126 3108 248 3178 nostro,
270 3100 382 3178 quando
406 3102 492 3161 etiam
512 3102 542 3159 in
563 3101 628 3179 ipso
648 3119 701 3162 ore
724 3098 878 3161 Cimmerio
901 3110 1058 3180 pugnatum
1080 3111 1137 3165 est.

90 3193 110 3242 4
128 3201 232 3263 ergoa
254 3184 384 3245 lauoibus
399 3184 523 3263 Bospori
547 3193 593 3244 est
615 3186 704 3244 amnis
721 3184 838 3261 Rebas,
854 3203 939 3263 quem
954 3186 1043 3263 aliqui
1059 3185 1138 3248 lihe-

127 3287 190 3328 sum
206 3267 350 3328 dixerunt.
381 3270 447 3330 dein
457 3269 550 3345 Syris,
567 3277 670 3347 portus
686 3266 807 3348 Calpas,
823 3269 961 3346 Sangaris
978 3269 1084 3331 lluvius
1100 3290 1138 3332 ex
1150 3285 1173 3326 ao

127 3351 254 3414 inclutis.
290 3353 382 3412 oritur
397 3354 426 3412 in
444 3352 586 3431 Phrygia,
601 3353 706 3431 accipit
724 3362 823 3413 vastos
840 3371 950 3431 amnes,
968 3354 1046 3414 inter
1063 3373 1138 3434 quos

127 3433 335 3514 Tembrogium
365 3444 395 3498 et
420 3435 546 3515 Gallum,
577 3436 653 3497 idem
677 3436 825 3514 Sagiarius
851 3436 1001 3516 plerisque
1032 3435 1139 3515 dietus,
