2400 3856
116 159 177 224 152
456 170 485 220 c.
507 171 602 218 curru
625 169 775 218 secamur

114 328 201 403 regio
219 334 249 385 et
264 323 415 384 castellum
430 323 571 402 Tariona,
597 325 824 403 promunturium
840 322 990 382 Diomedis
1005 320 1082 399 rel,
1095 326 1128 382 at

116 411 181 486 alit,
201 409 369 488 paeninsula
386 407 479 484 Hyllis
496 409 618 468 circuitu
634 406 656 466 G
670 406 699 466 N
715 425 811 485 pass,
834 405 1005 484 Tragurium
1021 407 1127 467 civium

114 493 310 552 Romanorum
327 509 469 552 marmore
499 500 614 567 notum,
644 491 733 550 Siculi
760 488 898 568 inquam
923 488 1019 548 locum
1043 489 1127 549 dirus

112 575 253 644 ‚Claudius
276 583 434 635 veteranos
456 576 551 651 misit,
576 575 682 635 Salona
705 574 819 634 colonia
841 574 876 633 ab
900 572 985 632 lader
1001 569 1128 632 CXIIII

64 670 114 720 142
130 680 206 739 pass.
252 658 358 719 Petunt
389 661 418 717 in
448 677 511 719 eam
536 660 598 718 iura
627 659 738 718 viribus
760 657 908 734 discriptis
932 659 965 715 iu·
992 654 1156 717 decurias⁵

116 741 332 804 GGGXXXXII
351 742 512 814 Delmatae,
527 740 610 801 XXII
622 740 730 817 Deuri,
748 739 965 801 GGXXXVIIII
979 738 1130 816 Ditiones,

116 826 300 888 CCLXVIIII
315 825 462 901 MaezaeI,
477 825 528 886 LII
546 825 711 885 Sardeates.
742 824 774 884 In
791 825 847 884 hoc
863 821 959 884 tractu
974 831 1043 883 sunt
1059 822 1130 882 Bur·

114 931 197 988 uum,
213 910 401 986 Andetrium,
417 910 591 984 Tribulium,
610 909 760 968 nobilitata
777 908 898 986 proeliis
912 905 1045 967 castella.
1074 906 1130 966 Pc-

115 1004 179 1056 tunt
196 1003 227 1053 et
244 1012 282 1053 ex
297 993 398 1053 insulis
413 993 522 1068 Issaei,
542 990 704 1067 Golentini,
723 991 842 1070 Separi,
859 990 988 1070 Epetini.
1018 987 1068 1050 Ab
1083 989 1131 1051 his
1199 987 1200 1010 ³

115 1079 236 1140 castella
257 1077 445 1152 Peguntinm,
467 1075 658 1134 Rateoneum.
682 1074 798 1136 Narona
815 1075 930 1134 colonia
952 1073 1033 1133 tertii
1061 1090 1130 1133 con·
1144 1087 1167 1129 m

115 1171 239 1222 ventuus
266 1177 282 1218 a
304 1158 411 1218 Salona
426 1156 561 1219 LXXXV
576 1157 605 1218 Μ
622 1176 710 1236 pass,
735 1159 867 1236 adposita
885 1157 1070 1235 cognominis
1087 1157 1140 1216 sut
1199 1171 1200 1230 t

116 1245 204 1303 iluvio
220 1261 236 1301 a
252 1243 321 1301 mari
343 1240 399 1300 XX
419 1240 448 1301 Μ
470 1260 545 1321 pass.
562 1240 591 1300 Μ
613 1241 708 1302 Varro
726 1241 917 1303 LXXXVIIII
939 1241 1076 1301 civitates
1093 1257 1132 1301 eo
1199 1235 1200 1276 ³

66 1336 117 1387 143
133 1328 293 1387 ventitasse
316 1333 418 1385 auctor
440 1336 496 1388 est.
530 1344 604 1386 nunc
626 1326 682 1385 soli
706 1344 799 1404 prope
822 1333 980 1385 noscuntur
1003 1320 1133 1384 Cerauni

116 1411 242 1470 decuriis
265 1408 392 1487 XXIIII,
417 1409 522 1469 Duersi
544 1408 644 1486 XVII,
668 1409 845 1470 Daesitiates
863 1407 944 1485 GIII,
968 1405 1133 1467 Docleatae

116 1493 253 1571 XXXIII,
268 1493 400 1554 Deretini
413 1492 507 1571 XIIII,
524 1493 733 1554 Deraemestae
749 1492 843 1569 XXX,
858 1488 1168 1567 DindariXXXNl,1s

117 1578 311 1639 Glinditiones
328 1577 445 1654 XLIIII,
464 1576 634 1638 Melcumani
652 1576 774 1653 XXIIII,
790 1575 905 1636 Naresii
922 1573 984 1651 GII,
1009 1574 1133 1636 ScIrtari

116 1661 238 1736 LXXII,
266 1661 414 1721 siculotae
435 1660 563 1737 XXIIII,
590 1661 841 1739 populatoresque
864 1659 1007 1737 quondam
1027 1657 1134 1719 Italiae

117 1744 242 1805 Vardaei
258 1762 316 1804 non
333 1744 455 1823 amplius
472 1762 554 1822 quam
566 1743 622 1804 XX
638 1745 774 1804 decuriis.
796 1744 919 1803 Praeter
933 1742 988 1802 hos
1005 1751 1133 1803 tenuere

117 1838 240 1888 tractum
252 1846 317 1889 eum
330 1828 449 1904 Ozuaei,
461 1828 617 1905 Partheni,
629 1827 792 1903 Hemasini,
804 1826 940 1886 Arthitae
948 1867 958 1902 ,
972 1825 1132 1885 Armistae.

116 1913 143 1972 Α
158 1911 276 1974 Narone
292 1930 374 1972 amne
391 1910 413 1972 G
428 1910 457 1970 Μ
472 1930 608 1989 passuum
629 1913 714 1972 abest
728 1910 903 1990 Epidaurum
924 1908 1051 1969 colonia.
1094 1910 1130 1969 ab
1142 1923 1166 1967 tt

67 2003 117 2056 144
133 1995 281 2073 EpIdauro
298 2004 365 2055 sunt
381 1996 487 2074 oppida
504 1997 607 2055 civium
622 1995 815 2054 Romanorum
836 1993 1016 2069 RhIzInium,
1038 1992 1133 2052 Aeru-

117 2079 190 2155 ium,
209 2079 386 2153 Butuauum,
410 2077 550 2137 Olcinium
568 2078 644 2156 quod
660 2087 745 2138 antea
762 2075 942 2137 Colchinium
960 2075 1068 2136 dictum
1086 2082 1133 2136 est

117 2179 133 2220 a
155 2158 272 2219 Colchis
300 2161 462 2237 conditum,
489 2162 578 2220 amnis
598 2160 700 2220 Dirino
728 2179 877 2239 superque
901 2177 965 2219 eum
993 2158 1134 2238 oppidum

117 2245 221 2304 civium
236 2243 429 2303 Romanorum
448 2242 558 2303 Scodra
580 2262 596 2303 a
617 2246 686 2303 mari
709 2244 806 2304 XVIII
822 2243 851 2303 Μ
868 2262 944 2322 pass.
973 2251 1132 2322 practerea

116 2329 271 2388 multorum
288 2326 427 2388 Graeciae
452 2327 624 2406 oppidorum
642 2328 781 2388 deficiens
799 2329 937 2388 memoria
954 2344 1085 2386 necnon
1102 2335 1132 2387 et
1144 2337 1168 2380 rt

117 2414 273 2472 civitatium
289 2411 457 2472 validarum.
491 2430 528 2472 eo
546 2431 667 2491 namque
686 2419 778 2472 tractu
793 2412 877 2472 fuere
893 2410 1058 2487 Labeatae,
1074 2408 1133 2470 En·

117 2497 258 2573 dirudIni,
275 2496 395 2573 Sasaei,
413 2494 535 2557 Grabaei
552 2498 731 2576 proprieque
748 2494 815 2555 dicti
831 2494 923 2571 illyrii
941 2503 970 2554 et
986 2493 1133 2553 Taulantii

118 2589 148 2641 et
163 2580 277 2655 Pyraei.
312 2583 420 2640 retinet
437 2599 542 2640 nomen
565 2582 593 2640 in
615 2598 667 2640 ora
681 2579 879 2657 Nymphaeum
892 2577 1131 2656 promunturium.

117 2662 228 2720 Lissum
249 2663 386 2741 oppidum
408 2665 511 2723 civium
529 2663 724 2723 Romanorum
745 2663 780 2722 ab
802 2662 948 2741 Epidauro
971 2658 994 2719 G
1014 2659 1044 2719 Μ
1066 2677 1132 2738 pas·

66 2752 223 2806 145suum.
252 2743 303 2805 23.
328 2745 455 2805 ALisso
471 2744 643 2805 Macedonia
667 2748 826 2825 provincia.
863 2754 966 2823 gentes
992 2743 1170 2817 Parthenio

119 2836 149 2887 et
169 2844 184 2885 a
201 2834 287 2903 tergo
305 2845 405 2887 eorum
420 2827 605 2888 Dassaretae.
629 2838 743 2888 montes
756 2827 918 2890 Gandaviae
935 2847 950 2888 a
966 2827 1132 2888 Durrachio

21 2962 24 2967 .
117 2909 265 2970 LXXVIII
288 2910 317 2970 Μ
341 2929 440 2990 pass,
459 2912 488 2970 in
508 2928 559 2970 ora
581 2929 652 2971 vero
673 2911 775 2972 Denda
797 2914 901 2972 civium
922 2912 1132 2988 Romanorum,

116 2995 305 3074 Epidamnum
326 2995 441 3055 colonia
464 3004 587 3074 propter
609 2998 816 3075 Inauspicatum
833 3013 939 3056 nomen
959 2994 1132 3058 allomanis

116 3079 307 3140 Durrachium
321 3078 484 3158 appellata,
505 3078 610 3138 ilumen
626 3080 708 3140 nous
724 3099 740 3140 a
756 3079 925 3158 quibusdam
945 3078 1024 3138 Aeas
1040 3081 1132 3138 nomi-

116 3173 228 3241 natum,
265 3163 422 3242 Apollonia
452 3162 593 3241 quondam
626 3161 842 3223 GorInthiorum
871 3163 986 3223 colonia
1016 3161 1073 3222 IIII
1095 3162 1169 3243 ,tin

117 3265 251 3326 passuum
280 3267 295 3307 a
322 3249 390 3307 mari
416 3246 575 3322 recedens,
603 3248 684 3306 cuius
710 3250 739 3307 in
768 3248 871 3308 finibus
900 3246 1019 3307 celebre
1042 3245 1132 3322 Nym·

117 3331 239 3409 phaeum
260 3331 395 3391 adcolunt
416 3331 531 3390 barbari
554 3329 692 3390 Amantes
719 3340 749 3390 et
777 3332 923 3392 Buliones.
964 3338 993 3390 at
1021 3332 1051 3389 in
1077 3347 1132 3390 ora

118 3415 252 3493 oppidum
266 3415 381 3476 Oricum
394 3433 409 3473 a
423 3413 540 3475 Golchis
553 3413 705 3474 conditum.
729 3413 799 3476 Inde
813 3417 921 3475 Initium
934 3412 1033 3495 Epiri.
1049 3431 1131 3491 mon·
