2400 3856
292 207 373 253 nar.
388 207 479 255 uror.
494 209 531 255 11.
549 204 669 260 vo-sl.
690 194 839 281 (ar-so.)
1046 205 1103 267 109

100 360 224 422 interdiu
240 370 288 420 aut
302 361 389 439 paulo
405 372 471 440 post
488 356 624 422 occasum
642 383 746 426 sereno
762 367 857 425 tenuis
874 384 928 426 ceu
944 368 1011 429 linia
1027 369 1101 430 nube

100 447 129 504 in
145 446 262 521 longum
280 454 415 523 porrecta
432 448 563 523 spatium.

163 527 212 587 82.
227 526 310 606 (84.)
324 527 377 587 Est
392 539 421 589 et
436 531 464 587 in
479 531 574 608 puteis
589 531 729 592 turbidior
744 549 818 610 aqua
833 552 888 593 nec
904 537 965 595 sine
982 537 1081 596 odoris
1093 545 1143 603 197

99 612 205 684 taedio,
226 614 301 671 sicut
318 613 345 670 in
361 612 463 672 iisdem
479 622 522 672 est
536 616 709 693 remedium,
729 615 815 693 quale
826 624 857 676 11
869 618 966 678 crebri
977 638 1102 698 specuus

78 694 260 774 spraebent,
289 705 462 774 conceptum
480 699 554 757 enim
578 701 707 778 spiritum
724 700 868 774 exhalant,
896 705 973 780 quod
989 704 1017 760 in
1033 707 1100 763 totis

99 787 213 839 notatur
231 780 355 857 oppidis.
372 781 463 839 minus
475 783 637 859 quatiuntur
651 783 763 843 crebris
775 784 810 843 ad
823 784 947 845 eluviem
961 787 1099 846 cuniculis

100 871 211 937 cavata,
224 863 371 942 multoque
379 873 443 923 sunt
452 866 554 926 tutiora
567 869 595 925 in
604 866 706 926 iisdem
718 866 775 926 illis
789 887 862 947 quae
875 869 1012 948 pendent,
1020 868 1101 929 sicuti

98 945 225 1024 Neapoli
237 948 264 1005 in
275 945 357 1007 ltalia
370 948 547 1025 intellegitur
560 960 641 1029 parte
663 953 723 1010 eius
736 969 810 1030 quae
822 952 915 1013 solida
929 962 973 1012 est
984 954 1102 1015 adtalos

101 1048 203 1092 casuus
216 1028 352 1091 obnoxia.
383 1034 514 1093 tutissimi
532 1044 596 1094 sunt
615 1035 811 1095 aedificiorum
835 1036 980 1113 fornices,
1003 1037 1100 1114 anguli

65 1133 215 1195 roquoque
233 1118 373 1196 parietum
389 1130 549 1200 postesque
566 1120 678 1183 alterno
696 1120 780 1201 pulsu
794 1124 947 1183 renitente.
967 1132 995 1182 et
1006 1123 1098 1182 latere

98 1211 217 1262 terreno
233 1201 302 1261 facti
316 1204 445 1280 parietes
459 1207 569 1267 minore
585 1225 661 1266 noxa
679 1209 849 1284 quatiuntur.
877 1206 980 1283 Magna
996 1206 1141 1272 dille-198

98 1287 190 1346 rentia
209 1295 253 1346 est
271 1295 300 1345 et
314 1287 342 1345 in
359 1288 424 1366 ipso
440 1307 552 1365 genere
565 1300 690 1364 motum,
701 1290 831 1369 pluribus
849 1292 991 1368 siquidem
1006 1290 1097 1350 modis

99 1371 233 1449 quatitur.
281 1371 450 1431 tutissimum
468 1382 513 1432 est
530 1392 593 1433 cum
619 1373 712 1434 vibrat
735 1376 881 1451 crispante
902 1374 1098 1433 aedificiorum

99 1455 212 1531 crepitu
230 1461 338 1514 etcum
354 1456 516 1516 intumescit
532 1457 692 1533 adsurgens
708 1457 878 1534 alternoque
893 1467 970 1516 motu
985 1458 1097 1532 residit,

65 1560 89 1600 rs
99 1538 242 1596 innoxium
263 1547 292 1597 et
316 1556 379 1597 cum
407 1543 608 1601 concurrentia
630 1549 707 1600 tecta
730 1541 874 1599 contrario
892 1540 950 1598 ictu
966 1543 1097 1614 arietant,

98 1623 231 1700 quoniam
254 1620 328 1680 alter
349 1632 441 1683 motus
465 1625 548 1684 alteri
574 1625 713 1684 renititur.
745 1624 875 1683 undantis
899 1622 1045 1681 inclinatio
1070 1631 1099 1680 et

98 1705 218 1764 fluctuus
229 1709 455 1784 morequaedam
469 1710 609 1769 volutatio
626 1709 730 1767 infesta
746 1716 806 1782 est,
824 1715 870 1766 aut
888 1724 951 1765 cum
970 1708 998 1763 in
1016 1722 1098 1764 unam

97 1797 210 1867 partem
231 1796 307 1847 totus
330 1807 363 1848 se
385 1799 478 1849 motus
500 1792 624 1868 inpellit.
659 1791 800 1850 Desinunt
823 1799 918 1849 autem
942 1798 1096 1863 tremores,

99 1890 162 1931 cum
174 1881 276 1930 ventus
289 1874 417 1948 emersit,
434 1874 479 1932 sin
495 1891 567 1932 vero
584 1873 736 1946 duravere,
753 1891 810 1932 non
827 1883 892 1932 ante
909 1873 1098 1951 quadraginta

62 1955 160 2016 aodies
184 1957 336 2031 sistuntur,
367 1956 536 2035 plerumque
562 1966 591 2016 et
613 1957 737 2031 tardius,
765 1965 866 2034 utpote
896 1974 958 2015 cum
982 1956 1097 2034 quidam

98 2056 190 2099 annuo
208 2048 236 2098 et
250 2038 347 2098 bienni
365 2041 459 2119 spatio
476 2042 649 2101 duraverint.

158 2122 208 2183 83.
226 2121 310 2201 (85.)
327 2122 443 2183 Factum
460 2132 503 2183 est
519 2125 626 2200 semel,
649 2124 876 2209 quodequidem
891 2126 919 2183 in
934 2120 1075 2193 Etruscae
1088 2130 1139 2187 199

97 2206 267 2283 disciplinae
283 2206 474 2266 voluminibus
495 2209 627 2283 invenio,
651 2210 753 2285 iugens
775 2218 917 2268 terrarum
932 2216 1096 2285 portentum

96 2289 126 2348 L.
140 2287 249 2348 Marcio
264 2290 332 2349 Sex.
349 2289 422 2352 lulio
441 2308 518 2350 coss.
535 2293 563 2349 in
579 2310 650 2368 agro
662 2291 823 2351 blutinensi.
846 2309 968 2369 namque
984 2301 1096 2349 montes

60 2393 86 2435 2⁵
100 2374 156 2433 duo
173 2374 247 2431 inter
263 2391 295 2430 se
313 2383 519 2433 concurrerunt
535 2376 645 2452 crepitu
672 2376 795 2434 maximo
817 2375 994 2435 adsultantes
1013 2391 1096 2431 rece-

98 2458 276 2532 dentesque,
302 2458 375 2515 inter
392 2474 444 2515 eos
460 2456 570 2516 flamma
586 2457 721 2534 fumoque
739 2461 767 2515 fn
783 2458 896 2516 caelum
914 2457 1096 2515 1111111111-

96 2539 208 2610 terdiu,
239 2548 388 2613 spectante
405 2558 422 2598 e
438 2541 484 2599 via
500 2540 623 2599 Aemilia
639 2556 742 2615 magna
759 2541 885 2618 equitum
903 2538 1096 2597 Romanorum

97 2621 325 2699 familiarumque
352 2631 381 2681 et
403 2624 544 2683 viatorum
566 2623 753 2682 multitudine.
781 2639 817 2682 eo
843 2640 985 2681 concursu
1008 2621 1096 2680 villae

98 2723 199 2766 omnes
215 2705 317 2781 elisae,
334 2706 464 2767 animalia
479 2707 621 2786 permulta
636 2725 711 2785 quae
727 2707 800 2766 intra
810 2707 923 2766 fuerant
935 2707 1096 2765 exanimata

61 2805 86 2847 ao
97 2797 177 2864 sunt,
201 2805 274 2850 anno
298 2799 363 2850 ante
386 2790 494 2850 sociale
514 2791 622 2851 bellum
638 2790 716 2868 quod
732 2789 807 2850 baud
824 2791 887 2850 scio
904 2808 939 2849 an
955 2790 1096 2848 funestius

97 2884 193 2932 terrae
209 2874 266 2950 ipsi
281 2873 381 2934 ltaliae
393 2875 479 2935 fuerit
492 2894 576 2954 quam
591 2874 670 2934 bella
684 2874 789 2934 civilia.
815 2873 881 2934 Non
893 2875 984 2933 minus
996 2875 1095 2931 mirum

98 2966 239 3016 ostentum
257 2966 286 3016 et
301 2967 398 3018 nostra
415 2960 552 3035 cognovit
567 2966 647 3018 aetas
662 2975 736 3017 anno
751 2956 877 3017 Neronis
888 2957 1031 3036 *principis
1048 2973 1094 3013 su·

98 3057 209 3117 premo,
227 3041 300 3100 sicut
315 3043 344 3100 in
359 3041 446 3101 rebus
463 3044 524 3101 eius
541 3043 736 3120 exposuimus,
753 3043 843 3120 pratis
859 3041 991 3117 oleisque
1007 3040 1093 3097 inter·

99 3124 220 3182 cedente
244 3122 361 3200 publica
384 3126 430 3185 via
456 3127 484 3184 in
500 3125 659 3184 contrarias
671 3122 758 3183 sedes
768 3125 959 3200 transgressis
977 3123 1005 3179 in
1023 3138 1094 3197 agro

62 3204 270 3281 asblarrucino,
287 3209 415 3285 praediis
432 3208 518 3268 Vecti
533 3208 663 3267 Marcelli
679 3209 783 3286 equitis
799 3207 919 3265 Romani
937 3223 986 3263 res
1002 3202 1094 3263 Nero·

97 3290 141 3347 nis
156 3292 347 3367 procurantis.
576 3342 579 3348 .

160 3372 210 3432 84.
230 3372 315 3457 (86.)
333 3373 417 3433 Fiunt
440 3376 522 3435 simul
546 3392 608 3435 cum
624 3381 813 3435 terraemotu
831 3381 860 3431 et
875 3371 1073 3431 inundationes
1083 3380 1136 3432 200

96 3457 182 3515 maris
194 3456 303 3516 ¹eodem
318 3458 457 3518 videlicet
477 3459 578 3538 spiritu
595 3458 680 3517 infusi
694 3465 741 3517 aut
751 3465 847 3516 terrae
863 3455 1016 3515 residentis
1033 3455 1093 3513 sinu
