<?xml version="1.0" encoding="UTF-8"?>
<!DOCTYPE html PUBLIC "-//W3C//DTD XHTML 1.0 Transitional//EN"
    "http://www.w3.org/TR/xhtml1/DTD/xhtml1-transitional.dtd">
<html xmlns="http://www.w3.org/1999/xhtml" xml:lang="en" lang="en">
 <head>
  <title>
</title>
<meta http-equiv="Content-Type" content="text/html;charset=utf-8" />
  <meta name='ocr-system' content='tesseract 3.04.00' />
  <meta name='ocr-capabilities' content='ocr_page ocr_carea ocr_par ocr_line ocrx_word'/>
</head>
<body>
  <div class='ocr_page' id='page_1' title='image "./cplinisecundina07plingoog_0009.png"; bbox 0 0 2400 3856; ppageno 0'>
   <div class='ocr_carea' id='block_1_1' title="bbox 87 167 816 225">
    <p class='ocr_par' dir='ltr' id='par_1_1' title="bbox 87 167 816 225">
     <span class='ocr_line' id='line_1_1' title="bbox 87 167 816 225; baseline -0.014 0"><span class='ocrx_word' id='word_1_1' title='bbox 87 176 125 225; x_wconf 84' lang='lat' dir='ltr'>lv</span> <span class='ocrx_word' id='word_1_2' title='bbox 371 172 499 221; x_wconf 74' lang='lat' dir='ltr'>cauom</span> <span class='ocrx_word' id='word_1_3' title='bbox 513 172 593 219; x_wconf 82' lang='lat' dir='ltr'><strong>JANI</strong></span> <span class='ocrx_word' id='word_1_4' title='bbox 607 167 816 217; x_wconf 77' lang='lat' dir='ltr'><strong>PRAEFATIO.</strong></span> 
     </span>
    </p>
   </div>
   <div class='ocr_carea' id='block_1_2' title="bbox 83 325 1160 1912">
    <p class='ocr_par' dir='ltr' id='par_1_2' title="bbox 83 325 1160 1912">
     <span class='ocr_line' id='line_1_2' title="bbox 87 325 1096 404; baseline -0.013 -13"><span class='ocrx_word' id='word_1_5' title='bbox 87 334 148 391; x_wconf 86' lang='lat' dir='ltr'>libri</span> <span class='ocrx_word' id='word_1_6' title='bbox 168 343 199 391; x_wconf 90' lang='lat' dir='ltr'>ut</span> <span class='ocrx_word' id='word_1_7' title='bbox 213 334 331 390; x_wconf 87' lang='lat' dir='ltr'>Vaticani</span> <span class='ocrx_word' id='word_1_8' title='bbox 346 331 392 404; x_wconf 86' lang='lat' dir='ltr'>(D)</span> <span class='ocrx_word' id='word_1_9' title='bbox 414 338 441 387; x_wconf 89' lang='lat' dir='ltr'>et</span> <span class='ocrx_word' id='word_1_10' title='bbox 454 333 585 388; x_wconf 83' lang='lat' dir='ltr'>Parisim&#39;</span> <span class='ocrx_word' id='word_1_11' title='bbox 598 330 609 384; x_wconf 98' lang='lat' dir='ltr'>l</span> <span class='ocrx_word' id='word_1_12' title='bbox 624 328 680 402; x_wconf 82' lang='lat' dir='ltr'>(a),</span> <span class='ocrx_word' id='word_1_13' title='bbox 701 329 753 383; x_wconf 92' lang='lat' dir='ltr'>iam</span> <span class='ocrx_word' id='word_1_14' title='bbox 773 325 881 381; x_wconf 90' lang='lat' dir='ltr'>demum</span> <span class='ocrx_word' id='word_1_15' title='bbox 902 340 995 379; x_wconf 89' lang='lat' dir='ltr'>omnes</span> <span class='ocrx_word' id='word_1_16' title='bbox 1010 325 1096 379; x_wconf 89' lang='lat' dir='ltr'>variae</span> 
     </span>
     <span class='ocr_line' id='line_1_3' title="bbox 86 408 1096 490; baseline -0.013 -15"><span class='ocrx_word' id='word_1_17' title='bbox 86 420 217 475; x_wconf 87' lang='lat' dir='ltr'>lectiones</span> <span class='ocrx_word' id='word_1_18' title='bbox 239 425 314 473; x_wconf 88' lang='lat' dir='ltr'>erant</span> <span class='ocrx_word' id='word_1_19' title='bbox 334 432 384 490; x_wconf 97' lang='lat' dir='ltr'>per</span> <span class='ocrx_word' id='word_1_20' title='bbox 403 416 519 471; x_wconf 87' lang='lat' dir='ltr'>eundern</span> <span class='ocrx_word' id='word_1_21' title='bbox 532 416 618 470; x_wconf 85' lang='lat' dir='ltr'>virum</span> <span class='ocrx_word' id='word_1_22' title='bbox 639 411 825 468; x_wconf 88' lang='lat' dir='ltr'>doctissimum</span> <span class='ocrx_word' id='word_1_23' title='bbox 847 411 1031 481; x_wconf 77' lang='lat' dir='ltr'>conscriptae,</span> <span class='ocrx_word' id='word_1_24' title='bbox 1052 408 1096 463; x_wconf 88' lang='lat' dir='ltr'>alii</span> 
     </span>
     <span class='ocr_line' id='line_1_4' title="bbox 86 490 1095 565; baseline -0.014 -6"><span class='ocrx_word' id='word_1_25' title='bbox 86 502 194 559; x_wconf 88' lang='lat' dir='ltr'>codices</span> <span class='ocrx_word' id='word_1_26' title='bbox 215 509 291 557; x_wconf 89' lang='lat' dir='ltr'>antea</span> <span class='ocrx_word' id='word_1_27' title='bbox 307 502 394 555; x_wconf 92' lang='lat' dir='ltr'>minus</span> <span class='ocrx_word' id='word_1_28' title='bbox 409 507 533 556; x_wconf 86' lang='lat' dir='ltr'>accurate</span> <span class='ocrx_word' id='word_1_29' title='bbox 554 498 660 555; x_wconf 89' lang='lat' dir='ltr'>excussi</span> <span class='ocrx_word' id='word_1_30' title='bbox 674 496 773 551; x_wconf 87' lang='lat' dir='ltr'>iterum</span> <span class='ocrx_word' id='word_1_31' title='bbox 792 494 892 548; x_wconf 91' lang='lat' dir='ltr'>maiore</span> <span class='ocrx_word' id='word_1_32' title='bbox 907 491 1047 565; x_wconf 78' lang='lat' dir='ltr'>diligentia</span> <span class='ocrx_word' id='word_1_33' title='bbox 1064 490 1095 546; x_wconf 93' lang='lat' dir='ltr'>ab</span> 
     </span>
     <span class='ocr_line' id='line_1_5' title="bbox 86 572 1096 656; baseline -0.012 -15"><span class='ocrx_word' id='word_1_34' title='bbox 86 585 182 641; x_wconf 89' lang='lat' dir='ltr'>eodem</span> <span class='ocrx_word' id='word_1_35' title='bbox 197 592 273 640; x_wconf 88' lang='lat' dir='ltr'>erant</span> <span class='ocrx_word' id='word_1_36' title='bbox 290 583 417 651; x_wconf 77' lang='lat' dir='ltr'>adhibiti,</span> <span class='ocrx_word' id='word_1_37' title='bbox 437 590 469 639; x_wconf 90' lang='lat' dir='ltr'>ut</span> <span class='ocrx_word' id='word_1_38' title='bbox 488 581 677 656; x_wconf 80' lang='lat' dir='ltr'>Lugdunensis</span> <span class='ocrx_word' id='word_1_39' title='bbox 694 578 738 651; x_wconf 83' lang='lat' dir='ltr'>(A)</span> <span class='ocrx_word' id='word_1_40' title='bbox 760 584 788 633; x_wconf 92' lang='lat' dir='ltr'>et</span> <span class='ocrx_word' id='word_1_41' title='bbox 802 575 987 633; x_wconf 84' lang='lat' dir='ltr'>Chilil&#39;etianus</span> <span class='ocrx_word' id='word_1_42' title='bbox 1007 575 1052 631; x_wconf 92' lang='lat' dir='ltr'>ille</span> <span class='ocrx_word' id='word_1_43' title='bbox 1070 572 1096 630; x_wconf 87' lang='grc' dir='ltr'><strong>Θ</strong></span> 
     </span>
     <span class='ocr_line' id='line_1_6' title="bbox 85 660 1095 739; baseline -0.009 -16"><span class='ocrx_word' id='word_1_44' title='bbox 85 668 132 725; x_wconf 93' lang='lat' dir='ltr'>diu</span> <span class='ocrx_word' id='word_1_45' title='bbox 146 668 329 739; x_wconf 90' lang='lat' dir='ltr'>desideratus,</span> <span class='ocrx_word' id='word_1_46' title='bbox 351 667 458 723; x_wconf 88' lang='lat' dir='ltr'>tandem</span> <span class='ocrx_word' id='word_1_47' title='bbox 473 683 489 722; x_wconf 92' lang='lat' dir='ltr'>a</span> <span class='ocrx_word' id='word_1_48' title='bbox 502 665 656 721; x_wconf 84' lang='lat' dir='ltr'>betlelseno</span> <span class='ocrx_word' id='word_1_49' title='bbox 672 670 700 718; x_wconf 90' lang='lat' dir='ltr'>et</span> <span class='ocrx_word' id='word_1_50' title='bbox 719 664 777 735; x_wconf 91' lang='lat' dir='ltr'>ipse</span> <span class='ocrx_word' id='word_1_51' title='bbox 791 660 917 734; x_wconf 79' lang='lat' dir='ltr'>Lugduni</span> <span class='ocrx_word' id='word_1_52' title='bbox 936 660 1095 715; x_wconf 90' lang='lat' dir='ltr'>Batavorum</span> 
     </span>
     <span class='ocr_line' id='line_1_7' title="bbox 84 743 1094 825; baseline -0.009 -18"><span class='ocrx_word' id='word_1_53' title='bbox 84 759 211 825; x_wconf 89' lang='lat' dir='ltr'>repertus</span> <span class='ocrx_word' id='word_1_54' title='bbox 229 761 257 808; x_wconf 94' lang='lat' dir='ltr'>et</span> <span class='ocrx_word' id='word_1_55' title='bbox 270 752 361 807; x_wconf 91' lang='lat' dir='ltr'>littera</span> <span class='ocrx_word' id='word_1_56' title='bbox 375 752 404 805; x_wconf 81' lang='lat' dir='ltr'><em>F</em></span> <span class='ocrx_word' id='word_1_57' title='bbox 415 751 544 825; x_wconf 87' lang='lat' dir='ltr'>signatus.</span> <span class='ocrx_word' id='word_1_58' title='bbox 577 748 624 803; x_wconf 89' lang='lat' dir='ltr'>llis</span> <span class='ocrx_word' id='word_1_59' title='bbox 638 749 689 803; x_wconf 93' lang='lat' dir='ltr'>iam</span> <span class='ocrx_word' id='word_1_60' title='bbox 707 744 836 802; x_wconf 91' lang='lat' dir='ltr'>utendum</span> <span class='ocrx_word' id='word_1_61' title='bbox 851 752 909 800; x_wconf 86' lang='lat' dir='ltr'>erat</span> <span class='ocrx_word' id='word_1_62' title='bbox 924 743 1094 813; x_wconf 88' lang='lat' dir='ltr'>adiumentis,</span> 
     </span>
     <span class='ocr_line' id='line_1_8' title="bbox 83 827 1094 909; baseline -0.008 -18"><span class='ocrx_word' id='word_1_63' title='bbox 83 844 224 909; x_wconf 86' lang='lat' dir='ltr'>praeterea</span> <span class='ocrx_word' id='word_1_64' title='bbox 235 843 311 909; x_wconf 88' lang='lat' dir='ltr'>pater</span> <span class='ocrx_word' id='word_1_65' title='bbox 321 834 479 891; x_wconf 88' lang='lat' dir='ltr'>collationes</span> <span class='ocrx_word' id='word_1_66' title='bbox 495 849 560 906; x_wconf 87' lang='lat' dir='ltr'>quas</span> <span class='ocrx_word' id='word_1_67' title='bbox 576 840 654 887; x_wconf 91' lang='lat' dir='ltr'>antea</span> <span class='ocrx_word' id='word_1_68' title='bbox 667 833 725 904; x_wconf 91' lang='lat' dir='ltr'>ipse</span> <span class='ocrx_word' id='word_1_69' title='bbox 737 828 889 885; x_wconf 76' lang='lat' dir='ltr'>Florentiae</span> <span class='ocrx_word' id='word_1_70' title='bbox 899 827 998 884; x_wconf 87' lang='lat' dir='ltr'>Rornae</span> <span class='ocrx_word' id='word_1_71' title='bbox 1012 827 1094 884; x_wconf 89' lang='lat' dir='ltr'>Lute-</span> 
     </span>
     <span class='ocr_line' id='line_1_9' title="bbox 84 911 1093 988; baseline -0.006 -15"><span class='ocrx_word' id='word_1_72' title='bbox 84 921 138 975; x_wconf 90' lang='lat' dir='ltr'>tiae</span> <span class='ocrx_word' id='word_1_73' title='bbox 164 919 265 976; x_wconf 83' lang='lat' dir='ltr'>lecerat</span> <span class='ocrx_word' id='word_1_74' title='bbox 289 917 451 974; x_wconf 87' lang='lat' dir='ltr'>Riccardiani</span> <span class='ocrx_word' id='word_1_75' title='bbox 480 917 598 973; x_wconf 87' lang='lat' dir='ltr'>Vaticani</span> <span class='ocrx_word' id='word_1_76' title='bbox 626 916 767 988; x_wconf 89' lang='lat' dir='ltr'>utriusque</span> <span class='ocrx_word' id='word_1_77' title='bbox 792 912 905 969; x_wconf 91' lang='lat' dir='ltr'>Parisini</span> <span class='ocrx_word' id='word_1_78' title='bbox 927 911 1093 985; x_wconf 78' lang='lat' dir='ltr'>(RDadle</span> 
     </span>
     <span class='ocr_line' id='line_1_10' title="bbox 84 995 1093 1075; baseline -0.007 -18"><span class='ocrx_word' id='word_1_79' title='bbox 84 1001 248 1058; x_wconf 90' lang='lat' dir='ltr'>bibliotheca</span> <span class='ocrx_word' id='word_1_80' title='bbox 267 1003 341 1075; x_wconf 91' lang='lat' dir='ltr'>regia</span> <span class='ocrx_word' id='word_1_81' title='bbox 356 1000 500 1057; x_wconf 89' lang='lat' dir='ltr'>bresdensi</span> <span class='ocrx_word' id='word_1_82' title='bbox 513 1003 611 1074; x_wconf 88' lang='lat' dir='ltr'>petitas</span> <span class='ocrx_word' id='word_1_83' title='bbox 626 1000 724 1055; x_wconf 90' lang='lat' dir='ltr'>iterum</span> <span class='ocrx_word' id='word_1_84' title='bbox 740 997 893 1069; x_wconf 89' lang='lat' dir='ltr'>consuluit,</span> <span class='ocrx_word' id='word_1_85' title='bbox 909 995 981 1052; x_wconf 87' lang='lat' dir='ltr'>unde</span> <span class='ocrx_word' id='word_1_86' title='bbox 996 997 1093 1052; x_wconf 89' lang='lat' dir='ltr'>multas</span> 
     </span>
     <span class='ocr_line' id='line_1_11' title="bbox 85 1080 1092 1150; baseline -0.005 -9"><span class='ocrx_word' id='word_1_87' title='bbox 85 1084 216 1141; x_wconf 90' lang='lat' dir='ltr'>lectiones</span> <span class='ocrx_word' id='word_1_88' title='bbox 231 1087 320 1141; x_wconf 88' lang='lat' dir='ltr'>verius</span> <span class='ocrx_word' id='word_1_89' title='bbox 340 1085 384 1140; x_wconf 91' lang='lat' dir='ltr'>hic</span> <span class='ocrx_word' id='word_1_90' title='bbox 404 1084 474 1140; x_wconf 86' lang='lat' dir='ltr'>inira</span> <span class='ocrx_word' id='word_1_91' title='bbox 493 1086 612 1140; x_wconf 88' lang='lat' dir='ltr'>invenies</span> <span class='ocrx_word' id='word_1_92' title='bbox 633 1090 749 1140; x_wconf 91' lang='lat' dir='ltr'>notatas.</span> <span class='ocrx_word' id='word_1_93' title='bbox 780 1081 880 1150; x_wconf 82' lang='lat' dir='ltr'>Quibus</span> <span class='ocrx_word' id='word_1_94' title='bbox 894 1083 923 1137; x_wconf 90' lang='lat' dir='ltr'>in</span> <span class='ocrx_word' id='word_1_95' title='bbox 938 1080 1092 1137; x_wconf 84' lang='lat' dir='ltr'>adhibendis</span> 
     </span>
     <span class='ocr_line' id='line_1_12' title="bbox 84 1165 1093 1241; baseline -0.003 -18"><span class='ocrx_word' id='word_1_96' title='bbox 84 1168 188 1224; x_wconf 84' lang='lat' dir='ltr'>auxiliis</span> <span class='ocrx_word' id='word_1_97' title='bbox 204 1185 235 1224; x_wconf 91' lang='lat' dir='ltr'>ea</span> <span class='ocrx_word' id='word_1_98' title='bbox 249 1167 385 1241; x_wconf 87' lang='lat' dir='ltr'>sequenda</span> <span class='ocrx_word' id='word_1_99' title='bbox 401 1175 457 1224; x_wconf 89' lang='lat' dir='ltr'>erat</span> <span class='ocrx_word' id='word_1_100' title='bbox 472 1171 557 1240; x_wconf 88' lang='lat' dir='ltr'>ratio,</span> <span class='ocrx_word' id='word_1_101' title='bbox 573 1177 604 1223; x_wconf 91' lang='lat' dir='ltr'>ut</span> <span class='ocrx_word' id='word_1_102' title='bbox 618 1168 741 1224; x_wconf 89' lang='lat' dir='ltr'>codicum</span> <span class='ocrx_word' id='word_1_103' title='bbox 756 1182 866 1237; x_wconf 88' lang='lat' dir='ltr'>eorum,</span> <span class='ocrx_word' id='word_1_104' title='bbox 881 1165 978 1239; x_wconf 87' lang='lat' dir='ltr'>quibus</span> <span class='ocrx_word' id='word_1_105' title='bbox 994 1165 1093 1221; x_wconf 80' lang='lat' dir='ltr'>lletlel·</span> 
     </span>
     <span class='ocr_line' id='line_1_13' title="bbox 85 1250 1093 1325; baseline -0.004 -18"><span class='ocrx_word' id='word_1_106' title='bbox 85 1268 166 1307; x_wconf 90' lang='lat' dir='ltr'>senus</span> <span class='ocrx_word' id='word_1_107' title='bbox 188 1260 233 1308; x_wconf 92' lang='lat' dir='ltr'>aut</span> <span class='ocrx_word' id='word_1_108' title='bbox 253 1252 314 1325; x_wconf 86' lang='lat' dir='ltr'>plus</span> <span class='ocrx_word' id='word_1_109' title='bbox 336 1254 408 1308; x_wconf 91' lang='lat' dir='ltr'>iusto</span> <span class='ocrx_word' id='word_1_110' title='bbox 430 1260 476 1308; x_wconf 94' lang='lat' dir='ltr'>aut</span> <span class='ocrx_word' id='word_1_111' title='bbox 496 1254 583 1308; x_wconf 91' lang='lat' dir='ltr'>minus</span> <span class='ocrx_word' id='word_1_112' title='bbox 603 1251 730 1308; x_wconf 83' lang='lat' dir='ltr'>tribuisse</span> <span class='ocrx_word' id='word_1_113' title='bbox 750 1250 903 1322; x_wconf 88' lang='lat' dir='ltr'>rideretur,</span> <span class='ocrx_word' id='word_1_114' title='bbox 930 1266 1001 1305; x_wconf 85' lang='lat' dir='ltr'>nuno</span> <span class='ocrx_word' id='word_1_115' title='bbox 1019 1257 1093 1305; x_wconf 90' lang='lat' dir='ltr'>recta</span> 
     </span>
     <span class='ocr_line' id='line_1_14' title="bbox 86 1331 1160 1410; baseline -0.004 -20"><span class='ocrx_word' id='word_1_116' title='bbox 86 1335 163 1391; x_wconf 84' lang='lat' dir='ltr'>fieret</span> <span class='ocrx_word' id='word_1_117' title='bbox 177 1338 336 1391; x_wconf 87' lang='lat' dir='ltr'>aestimatio.</span> <span class='ocrx_word' id='word_1_118' title='bbox 362 1335 392 1391; x_wconf 93' lang='lat' dir='ltr'>ln</span> <span class='ocrx_word' id='word_1_119' title='bbox 403 1336 472 1391; x_wconf 91' lang='lat' dir='ltr'>libro</span> <span class='ocrx_word' id='word_1_120' title='bbox 484 1336 592 1410; x_wconf 87' lang='lat' dir='ltr'>quidem</span> <span class='ocrx_word' id='word_1_121' title='bbox 607 1336 617 1390; x_wconf 97' lang='lat' dir='ltr'>l</span> <span class='ocrx_word' id='word_1_122' title='bbox 632 1334 801 1392; x_wconf 86' lang='lat' dir='ltr'>restituendo</span> <span class='ocrx_word' id='word_1_123' title='bbox 811 1335 918 1390; x_wconf 91' lang='lat' dir='ltr'>nimiam</span> <span class='ocrx_word' id='word_1_124' title='bbox 933 1331 1014 1388; x_wconf 85' lang='lat' dir='ltr'>fidem</span> <span class='ocrx_word' id='word_1_125' title='bbox 1028 1333 1092 1389; x_wconf 93' lang='lat' dir='ltr'>olim</span> <span class='ocrx_word' id='word_1_126' title='bbox 1151 1378 1160 1395; x_wconf 79' lang='grc'><em>,</em></span> 
     </span>
     <span class='ocr_line' id='line_1_15' title="bbox 84 1417 1093 1491; baseline -0.002 -17"><span class='ocrx_word' id='word_1_127' title='bbox 84 1436 114 1474; x_wconf 89' lang='lat' dir='ltr'>se</span> <span class='ocrx_word' id='word_1_128' title='bbox 134 1418 259 1475; x_wconf 92' lang='lat' dir='ltr'>habuisse</span> <span class='ocrx_word' id='word_1_129' title='bbox 280 1418 415 1475; x_wconf 86' lang='lat' dir='ltr'>codicibus</span> <span class='ocrx_word' id='word_1_130' title='bbox 436 1419 492 1475; x_wconf 89' lang='lat' dir='ltr'>lllll</span> <span class='ocrx_word' id='word_1_131' title='bbox 512 1421 596 1476; x_wconf 86' lang='lat' dir='ltr'>seculi</span> <span class='ocrx_word' id='word_1_132' title='bbox 619 1421 689 1476; x_wconf 87' lang='lat' dir='ltr'>Tet</span> <span class='ocrx_word' id='word_1_133' title='bbox 709 1420 729 1475; x_wconf 84' lang='lat' dir='ltr'>d</span> <span class='ocrx_word' id='word_1_134' title='bbox 747 1420 797 1474; x_wconf 90' lang='lat' dir='ltr'>iarn</span> <span class='ocrx_word' id='word_1_135' title='bbox 817 1417 919 1474; x_wconf 88' lang='lat' dir='ltr'>dudum</span> <span class='ocrx_word' id='word_1_136' title='bbox 938 1419 997 1491; x_wconf 92' lang='lat' dir='ltr'>ipse</span> <span class='ocrx_word' id='word_1_137' title='bbox 1017 1425 1093 1491; x_wconf 90' lang='lat' dir='ltr'>pater</span> 
     </span>
     <span class='ocr_line' id='line_1_16' title="bbox 84 1500 1092 1578; baseline -0.004 -19"><span class='ocrx_word' id='word_1_138' title='bbox 84 1511 256 1559; x_wconf 88' lang='lat' dir='ltr'>concesserat</span> <span class='ocrx_word' id='word_1_139' title='bbox 276 1502 339 1574; x_wconf 87' lang='lat' dir='ltr'>(vol.</span> <span class='ocrx_word' id='word_1_140' title='bbox 354 1503 391 1574; x_wconf 93' lang='lat' dir='ltr'>ll,</span> <span class='ocrx_word' id='word_1_141' title='bbox 412 1521 475 1578; x_wconf 88' lang='lat' dir='ltr'>pag.</span> <span class='ocrx_word' id='word_1_142' title='bbox 490 1500 562 1577; x_wconf 70' lang='lat' dir='ltr'>vti),</span> <span class='ocrx_word' id='word_1_143' title='bbox 587 1512 674 1559; x_wconf 88' lang='lat' dir='ltr'>tamen</span> <span class='ocrx_word' id='word_1_144' title='bbox 696 1519 758 1558; x_wconf 88' lang='lat' dir='ltr'>curn</span> <span class='ocrx_word' id='word_1_145' title='bbox 779 1518 884 1557; x_wconf 87' lang='lat' dir='ltr'>omnem</span> <span class='ocrx_word' id='word_1_146' title='bbox 904 1503 937 1557; x_wconf 91' lang='lat' dir='ltr'>iis</span> <span class='ocrx_word' id='word_1_147' title='bbox 960 1501 1092 1575; x_wconf 89' lang='lat' dir='ltr'>derogare</span> 
     </span>
     <span class='ocr_line' id='line_1_17' title="bbox 83 1585 1092 1661; baseline -0.001 -21"><span class='ocrx_word' id='word_1_148' title='bbox 83 1586 167 1642; x_wconf 85' lang='lat' dir='ltr'>vellet</span> <span class='ocrx_word' id='word_1_149' title='bbox 186 1585 343 1660; x_wconf 87' lang='lat' dir='ltr'>dignitatem</span> <span class='ocrx_word' id='word_1_150' title='bbox 358 1587 542 1658; x_wconf 83' lang='lat' dir='ltr'>lietleisenus,</span> <span class='ocrx_word' id='word_1_151' title='bbox 563 1588 650 1661; x_wconf 91' lang='lat' dir='ltr'>aliqua</span> <span class='ocrx_word' id='word_1_152' title='bbox 671 1593 744 1643; x_wconf 89' lang='lat' dir='ltr'>certe</span> <span class='ocrx_word' id='word_1_153' title='bbox 764 1587 908 1641; x_wconf 89' lang='lat' dir='ltr'>auctoritas</span> <span class='ocrx_word' id='word_1_154' title='bbox 928 1585 1092 1659; x_wconf 83' lang='lat' dir='ltr'>suffragante</span> 
     </span>
     <span class='ocr_line' id='line_1_18' title="bbox 84 1667 1092 1748; baseline -0.001 -25"><span class='ocrx_word' id='word_1_155' title='bbox 84 1668 172 1726; x_wconf 78' lang='lat' dir='ltr'>Felsio</span> <span class='ocrx_word' id='word_1_156' title='bbox 187 1670 319 1726; x_wconf 89' lang='lat' dir='ltr'>Urlichsio</span> <span class='ocrx_word' id='word_1_157' title='bbox 333 1671 478 1744; x_wconf 79' lang='lat' dir='ltr'>llayhollio</span> <span class='ocrx_word' id='word_1_158' title='bbox 487 1667 506 1742; x_wconf 88' lang='lat'>¹)</span> <span class='ocrx_word' id='word_1_159' title='bbox 527 1673 559 1726; x_wconf 90' lang='lat' dir='ltr'>iis</span> <span class='ocrx_word' id='word_1_160' title='bbox 581 1678 637 1727; x_wconf 89' lang='lat' dir='ltr'>erat</span> <span class='ocrx_word' id='word_1_161' title='bbox 652 1669 817 1726; x_wconf 89' lang='lat' dir='ltr'>vindicanda.</span> <span class='ocrx_word' id='word_1_162' title='bbox 847 1667 946 1748; x_wconf 83' lang='lat' dir='ltr'>Contra</span> <span class='ocrx_word' id='word_1_163' title='bbox 960 1669 1092 1725; x_wconf 89' lang='lat' dir='ltr'>lectiones</span> 
     </span>
     <span class='ocr_line' id='line_1_19' title="bbox 84 1752 1092 1828; baseline -0.001 -20"><span class='ocrx_word' id='word_1_164' title='bbox 84 1769 164 1809; x_wconf 90' lang='lat' dir='ltr'>manu</span> <span class='ocrx_word' id='word_1_165' title='bbox 175 1754 259 1809; x_wconf 86' lang='lat' dir='ltr'>altera</span> <span class='ocrx_word' id='word_1_166' title='bbox 273 1754 376 1810; x_wconf 90' lang='lat' dir='ltr'>additae</span> <span class='ocrx_word' id='word_1_167' title='bbox 387 1756 415 1810; x_wconf 93' lang='lat' dir='ltr'>in</span> <span class='ocrx_word' id='word_1_168' title='bbox 427 1753 563 1812; x_wconf 88' lang='lat' dir='ltr'>codicibus</span> <span class='ocrx_word' id='word_1_169' title='bbox 574 1756 602 1811; x_wconf 89' lang='lat' dir='ltr'><em>R</em></span> <span class='ocrx_word' id='word_1_170' title='bbox 610 1774 629 1811; x_wconf 87' lang='grc' dir='ltr'><strong><em>α</em></strong></span> <span class='ocrx_word' id='word_1_171' title='bbox 641 1771 706 1828; x_wconf 91' lang='lat' dir='ltr'>quas</span> <span class='ocrx_word' id='word_1_172' title='bbox 722 1770 816 1809; x_wconf 91' lang='lat' dir='ltr'>omues</span> <span class='ocrx_word' id='word_1_173' title='bbox 832 1754 962 1826; x_wconf 87' lang='lat' dir='ltr'>genuinas</span> <span class='ocrx_word' id='word_1_174' title='bbox 973 1752 1019 1808; x_wconf 93' lang='lat' dir='ltr'>ille</span> <span class='ocrx_word' id='word_1_175' title='bbox 1030 1769 1092 1808; x_wconf 89' lang='lat' dir='ltr'>cen-</span> 
     </span>
     <span class='ocr_line' id='line_1_20' title="bbox 83 1836 1091 1912; baseline -0.001 -20"><span class='ocrx_word' id='word_1_176' title='bbox 83 1844 126 1893; x_wconf 88' lang='lat' dir='ltr'>set</span> <span class='ocrx_word' id='word_1_177' title='bbox 141 1854 171 1893; x_wconf 89' lang='lat' dir='ltr'>ac</span> <span class='ocrx_word' id='word_1_178' title='bbox 185 1846 304 1894; x_wconf 92' lang='lat' dir='ltr'>vetustas</span> <span class='ocrx_word' id='word_1_179' title='bbox 320 1838 483 1896; x_wconf 88' lang='lat' dir='ltr'>adhibendae</span> <span class='ocrx_word' id='word_1_180' title='bbox 498 1846 574 1895; x_wconf 88' lang='lat' dir='ltr'>erant</span> <span class='ocrx_word' id='word_1_181' title='bbox 589 1841 712 1895; x_wconf 86' lang='lat' dir='ltr'>cautione</span> <span class='ocrx_word' id='word_1_182' title='bbox 727 1853 758 1893; x_wconf 90' lang='lat' dir='ltr'>ea</span> <span class='ocrx_word' id='word_1_183' title='bbox 772 1854 851 1912; x_wconf 89' lang='lat' dir='ltr'>quarn</span> <span class='ocrx_word' id='word_1_184' title='bbox 865 1839 923 1910; x_wconf 91' lang='lat' dir='ltr'>ipse</span> <span class='ocrx_word' id='word_1_185' title='bbox 939 1844 1016 1910; x_wconf 91' lang='lat' dir='ltr'>pater</span> <span class='ocrx_word' id='word_1_186' title='bbox 1030 1836 1091 1910; x_wconf 90' lang='lat' dir='ltr'>plus</span> 
     </span>
    </p>
   </div>
   <div class='ocr_carea' id='block_1_3' title="bbox 84 1921 1198 1996">
    <p class='ocr_par' dir='ltr' id='par_1_3' title="bbox 84 1921 1198 1996">
     <span class='ocr_line' id='line_1_21' title="bbox 84 1921 1198 1996; baseline 0.001 -19"><span class='ocrx_word' id='word_1_187' title='bbox 84 1921 168 1977; x_wconf 91' lang='lat' dir='ltr'>semel</span> <span class='ocrx_word' id='word_1_188' title='bbox 186 1930 306 1978; x_wconf 86' lang='lat' dir='ltr'>suaserat</span> <span class='ocrx_word' id='word_1_189' title='bbox 328 1931 355 1978; x_wconf 92' lang='lat' dir='ltr'>et</span> <span class='ocrx_word' id='word_1_190' title='bbox 376 1940 455 1995; x_wconf 87' lang='lat' dir='ltr'>quarn</span> <span class='ocrx_word' id='word_1_191' title='bbox 475 1923 651 1979; x_wconf 85' lang='lat' dir='ltr'>consideratis</span> <span class='ocrx_word' id='word_1_192' title='bbox 671 1924 704 1978; x_wconf 90' lang='lat' dir='ltr'>iis</span> <span class='ocrx_word' id='word_1_193' title='bbox 725 1938 793 1996; x_wconf 90' lang='lat' dir='ltr'>quae</span> <span class='ocrx_word' id='word_1_194' title='bbox 815 1921 918 1977; x_wconf 74' lang='lat' dir='ltr'>l&#39;elsius</span> <span class='ocrx_word' id='word_1_195' title='bbox 939 1921 1092 1978; x_wconf 87' lang='lat' dir='ltr'>haedere</span> <span class='ocrx_word' id='word_1_196' title='bbox 1197 1973 1198 1978; x_wconf 73' lang='grc'>,</span> 
     </span>
    </p>
   </div>
   <div class='ocr_carea' id='block_1_4' title="bbox 84 1999 1197 2162">
    <p class='ocr_par' dir='ltr' id='par_1_4' title="bbox 84 1999 1197 2162">
     <span class='ocr_line' id='line_1_22' title="bbox 84 1999 1197 2079; baseline 0.003 -20"><span class='ocrx_word' id='word_1_197' title='bbox 84 2004 203 2077; x_wconf 86' lang='lat' dir='ltr'>disputat</span> <span class='ocrx_word' id='word_1_198' title='bbox 217 2008 403 2079; x_wconf 88' lang='lat' dir='ltr'>unusquisque</span> <span class='ocrx_word' id='word_1_199' title='bbox 418 2006 549 2079; x_wconf 92' lang='lat' dir='ltr'>probabit.</span> <span class='ocrx_word' id='word_1_200' title='bbox 558 1999 581 2077; x_wconf 80' lang='lat'>²)</span> <span class='ocrx_word' id='word_1_201' title='bbox 1193 2056 1197 2075; x_wconf 83' lang='lat'>,</span> 
     </span>
     <span class='ocr_line' id='line_1_23' title="bbox 147 2088 1197 2162; baseline 0.002 -20"><span class='ocrx_word' id='word_1_202' title='bbox 147 2088 199 2142; x_wconf 88' lang='lat' dir='ltr'>llas</span> <span class='ocrx_word' id='word_1_203' title='bbox 215 2096 325 2144; x_wconf 88' lang='lat' dir='ltr'>secutus</span> <span class='ocrx_word' id='word_1_204' title='bbox 340 2090 459 2144; x_wconf 91' lang='lat' dir='ltr'>rationes</span> <span class='ocrx_word' id='word_1_205' title='bbox 471 2092 522 2145; x_wconf 88' lang='lat' dir='ltr'>iarn</span> <span class='ocrx_word' id='word_1_206' title='bbox 533 2090 626 2147; x_wconf 90' lang='lat' dir='ltr'>decern</span> <span class='ocrx_word' id='word_1_207' title='bbox 636 2089 718 2145; x_wconf 92' lang='lat' dir='ltr'>libros</span> <span class='ocrx_word' id='word_1_208' title='bbox 731 2089 859 2145; x_wconf 89' lang='lat' dir='ltr'>naturalis</span> <span class='ocrx_word' id='word_1_209' title='bbox 874 2089 1001 2145; x_wconf 90' lang='lat' dir='ltr'>historiae</span> <span class='ocrx_word' id='word_1_210' title='bbox 1016 2098 1092 2162; x_wconf 90' lang='lat' dir='ltr'>pater</span> <span class='ocrx_word' id='word_1_211' title='bbox 1194 2114 1197 2123; x_wconf 95' lang='lat'>·</span> 
     </span>
    </p>
   </div>
   <div class='ocr_carea' id='block_1_5' title="bbox 84 2172 1197 2330">
    <p class='ocr_par' dir='ltr' id='par_1_5' title="bbox 84 2172 1197 2330">
     <span class='ocr_line' id='line_1_24' title="bbox 84 2172 1197 2247; baseline -0.002 -20"><span class='ocrx_word' id='word_1_212' title='bbox 84 2173 237 2227; x_wconf 88' lang='lat' dir='ltr'>carissimus</span> <span class='ocrx_word' id='word_1_213' title='bbox 252 2180 459 2246; x_wconf 86' lang='lat' dir='ltr'>recognoverat,</span> <span class='ocrx_word' id='word_1_214' title='bbox 474 2191 570 2230; x_wconf 88' lang='lat' dir='ltr'>novem</span> <span class='ocrx_word' id='word_1_215' title='bbox 585 2176 635 2229; x_wconf 86' lang='lat' dir='ltr'>iarn</span> <span class='ocrx_word' id='word_1_216' title='bbox 646 2173 769 2247; x_wconf 90' lang='lat' dir='ltr'>plagulas</span> <span class='ocrx_word' id='word_1_217' title='bbox 780 2180 915 2229; x_wconf 87' lang='lat' dir='ltr'>correctas</span> <span class='ocrx_word' id='word_1_218' title='bbox 930 2172 1001 2228; x_wconf 88' lang='lat' dir='ltr'>idem</span> <span class='ocrx_word' id='word_1_219' title='bbox 1013 2180 1091 2245; x_wconf 84' lang='lat' dir='ltr'>typo·</span> <span class='ocrx_word' id='word_1_220' title='bbox 1194 2218 1197 2225; x_wconf 95' lang='lat'>.</span> 
     </span>
     <span class='ocr_line' id='line_1_25' title="bbox 85 2256 1197 2330; baseline -0.001 -20"><span class='ocrx_word' id='word_1_221' title='bbox 85 2256 188 2329; x_wconf 90' lang='lat' dir='ltr'>grapho</span> <span class='ocrx_word' id='word_1_222' title='bbox 204 2258 358 2326; x_wconf 90' lang='lat' dir='ltr'>remiserat,</span> <span class='ocrx_word' id='word_1_223' title='bbox 373 2286 415 2295; x_wconf 90' lang='lat'><em>-</em></span> <span class='ocrx_word' id='word_1_224' title='bbox 429 2266 459 2313; x_wconf 91' lang='lat' dir='ltr'>ut</span> <span class='ocrx_word' id='word_1_225' title='bbox 476 2257 621 2314; x_wconf 87' lang='lat' dir='ltr'>conficeret</span> <span class='ocrx_word' id='word_1_226' title='bbox 636 2273 704 2330; x_wconf 89' lang='lat' dir='ltr'>opus</span> <span class='ocrx_word' id='word_1_227' title='bbox 720 2258 744 2311; x_wconf 90' lang='lat' dir='ltr'>ei</span> <span class='ocrx_word' id='word_1_228' title='bbox 759 2273 814 2312; x_wconf 93' lang='lat' dir='ltr'>non</span> <span class='ocrx_word' id='word_1_229' title='bbox 829 2258 952 2328; x_wconf 90' lang='lat' dir='ltr'>contigit.</span> <span class='ocrx_word' id='word_1_230' title='bbox 982 2256 1091 2312; x_wconf 88' lang='lat' dir='ltr'>llorbus</span> <span class='ocrx_word' id='word_1_231' title='bbox 1193 2272 1197 2325; x_wconf 85' lang='grc'><strong><em>;</em></strong></span> 
     </span>
    </p>
   </div>
   <div class='ocr_carea' id='block_1_6' title="bbox 17 2334 1198 2924">
    <p class='ocr_par' dir='ltr' id='par_1_6' title="bbox 17 2334 1198 2924">
     <span class='ocr_line' id='line_1_26' title="bbox 86 2334 1196 2414; baseline -0.001 -20"><span class='ocrx_word' id='word_1_232' title='bbox 86 2341 132 2411; x_wconf 89' lang='lat' dir='ltr'>qui</span> <span class='ocrx_word' id='word_1_233' title='bbox 152 2341 203 2395; x_wconf 88' lang='lat' dir='ltr'>iam</span> <span class='ocrx_word' id='word_1_234' title='bbox 226 2340 327 2395; x_wconf 88' lang='lat' dir='ltr'>dudum</span> <span class='ocrx_word' id='word_1_235' title='bbox 349 2356 397 2395; x_wconf 90' lang='lat' dir='ltr'>cor</span> <span class='ocrx_word' id='word_1_236' title='bbox 418 2341 541 2398; x_wconf 83' lang='lat' dir='ltr'>affecerat</span> <span class='ocrx_word' id='word_1_237' title='bbox 562 2357 622 2396; x_wconf 91' lang='lat' dir='ltr'>eum</span> <span class='ocrx_word' id='word_1_238' title='bbox 644 2341 778 2414; x_wconf 87' lang='lat' dir='ltr'>geminata</span> <span class='ocrx_word' id='word_1_239' title='bbox 793 2342 818 2396; x_wconf 87' lang='lat' dir='ltr'>vi</span> <span class='ocrx_word' id='word_1_240' title='bbox 839 2356 984 2413; x_wconf 87' lang='lat' dir='ltr'>aggressus</span> <span class='ocrx_word' id='word_1_241' title='bbox 1000 2339 1091 2395; x_wconf 89' lang='lat' dir='ltr'>indea</span> <span class='ocrx_word' id='word_1_242' title='bbox 1191 2334 1196 2379; x_wconf 78' lang='lat'>·&#39;</span> 
     </span>
     <span class='ocr_line' id='line_1_27' title="bbox 85 2423 1198 2489; baseline 0.001 -12"><span class='ocrx_word' id='word_1_243' title='bbox 85 2439 176 2479; x_wconf 91' lang='lat' dir='ltr'>mense</span> <span class='ocrx_word' id='word_1_244' title='bbox 191 2424 285 2479; x_wconf 86' lang='lat' dir='ltr'>llartio</span> <span class='ocrx_word' id='word_1_245' title='bbox 302 2425 380 2480; x_wconf 92' lang='lat' dir='ltr'>huius</span> <span class='ocrx_word' id='word_1_246' title='bbox 396 2427 458 2480; x_wconf 93' lang='lat' dir='ltr'>anni</span> <span class='ocrx_word' id='word_1_247' title='bbox 472 2426 557 2481; x_wconf 90' lang='lat' dir='ltr'>Plinio</span> <span class='ocrx_word' id='word_1_248' title='bbox 573 2442 623 2480; x_wconf 93' lang='lat' dir='ltr'>suo</span> <span class='ocrx_word' id='word_1_249' title='bbox 640 2424 749 2480; x_wconf 87' lang='lat' dir='ltr'>studere</span> <span class='ocrx_word' id='word_1_250' title='bbox 762 2426 847 2480; x_wconf 86' lang='lat' dir='ltr'>vetuit</span> <span class='ocrx_word' id='word_1_251' title='bbox 862 2431 890 2478; x_wconf 91' lang='lat' dir='ltr'>et</span> <span class='ocrx_word' id='word_1_252' title='bbox 904 2423 947 2479; x_wconf 93' lang='lat' dir='ltr'>die</span> <span class='ocrx_word' id='word_1_253' title='bbox 964 2424 1001 2480; x_wconf 96' lang='grc'>11</span> <span class='ocrx_word' id='word_1_254' title='bbox 1018 2440 1091 2479; x_wconf 91' lang='lat' dir='ltr'>men-</span> <span class='ocrx_word' id='word_1_255' title='bbox 1189 2450 1198 2489; x_wconf 77' lang='grc' dir='ltr'>,ς</span> 
     </span>
     <span class='ocr_line' id='line_1_28' title="bbox 84 2494 1197 2582; baseline 0 -21"><span class='ocrx_word' id='word_1_256' title='bbox 84 2508 122 2562; x_wconf 88' lang='lat' dir='ltr'>sis</span> <span class='ocrx_word' id='word_1_257' title='bbox 138 2508 237 2580; x_wconf 79' lang='lat' dir='ltr'>Aprilis</span> <span class='ocrx_word' id='word_1_258' title='bbox 252 2510 365 2564; x_wconf 90' lang='lat' dir='ltr'>animam</span> <span class='ocrx_word' id='word_1_259' title='bbox 381 2510 516 2565; x_wconf 75' lang='lat' dir='ltr'>exstinxit.</span> <span class='ocrx_word' id='word_1_260' title='bbox 551 2508 590 2563; x_wconf 93' lang='lat' dir='ltr'>lta</span> <span class='ocrx_word' id='word_1_261' title='bbox 605 2509 672 2564; x_wconf 91' lang='lat' dir='ltr'>obiit</span> <span class='ocrx_word' id='word_1_262' title='bbox 686 2509 709 2563; x_wconf 90' lang='lat' dir='ltr'>is</span> <span class='ocrx_word' id='word_1_263' title='bbox 724 2525 804 2582; x_wconf 88' lang='lat' dir='ltr'>quem</span> <span class='ocrx_word' id='word_1_264' title='bbox 819 2506 939 2582; x_wconf 86' lang='lat' dir='ltr'>Silligius</span> <span class='ocrx_word' id='word_1_265' title='bbox 954 2509 1006 2563; x_wconf 91' lang='lat' dir='ltr'>iarn</span> <span class='ocrx_word' id='word_1_266' title='bbox 1021 2524 1091 2562; x_wconf 93' lang='lat' dir='ltr'>anno</span> <span class='ocrx_word' id='word_1_267' title='bbox 1191 2494 1197 2538; x_wconf 59' lang='grc' dir='ltr'><strong>ἶ</strong></span> 
     </span>
     <span class='ocr_line' id='line_1_29' title="bbox 86 2588 1196 2666; baseline 0.004 -21"><span class='ocrx_word' id='word_1_268' title='bbox 86 2589 168 2647; x_wconf 87' lang='grc'><strong>1851</strong></span> <span class='ocrx_word' id='word_1_269' title='bbox 184 2590 237 2661; x_wconf 89' lang='lat' dir='ltr'>(ed.</span> <span class='ocrx_word' id='word_1_270' title='bbox 253 2594 337 2647; x_wconf 91' lang='lat' dir='ltr'>maior</span> <span class='ocrx_word' id='word_1_271' title='bbox 350 2591 377 2662; x_wconf 89' lang='lat' dir='ltr'>l,</span> <span class='ocrx_word' id='word_1_272' title='bbox 397 2609 460 2666; x_wconf 87' lang='lat' dir='ltr'>pag.</span> <span class='ocrx_word' id='word_1_273' title='bbox 476 2591 519 2663; x_wconf 89' lang='lat' dir='ltr'>tv)</span> <span class='ocrx_word' id='word_1_274' title='bbox 540 2594 572 2648; x_wconf 91' lang='lat' dir='ltr'>iis</span> <span class='ocrx_word' id='word_1_275' title='bbox 593 2592 821 2649; x_wconf 90' lang='lat' dir='ltr'>adnumerandum</span> <span class='ocrx_word' id='word_1_276' title='bbox 841 2591 907 2647; x_wconf 88' lang='lat' dir='ltr'>dixit</span> <span class='ocrx_word' id='word_1_277' title='bbox 928 2590 1025 2665; x_wconf 92' lang='lat' dir='ltr'>quibus</span> <span class='ocrx_word' id='word_1_278' title='bbox 1039 2591 1092 2647; x_wconf 91' lang='lat' dir='ltr'>Pli·</span> <span class='ocrx_word' id='word_1_279' title='bbox 1188 2588 1196 2649; x_wconf 91' lang='lat'>.-&#39;</span> 
     </span>
     <span class='ocr_line' id='line_1_30' title="bbox 85 2664 1193 2747; baseline 0.005 -19"><span class='ocrx_word' id='word_1_280' title='bbox 85 2674 145 2729; x_wconf 93' lang='lat' dir='ltr'>nius</span> <span class='ocrx_word' id='word_1_281' title='bbox 166 2672 276 2729; x_wconf 88' lang='lat' dir='ltr'>deberet</span> <span class='ocrx_word' id='word_1_282' title='bbox 295 2675 449 2747; x_wconf 86' lang='lat' dir='ltr'>plurimum.</span> <span class='ocrx_word' id='word_1_283' title='bbox 486 2677 564 2732; x_wconf 83' lang='lat' dir='ltr'>Anno</span> <span class='ocrx_word' id='word_1_284' title='bbox 585 2679 655 2732; x_wconf 91' lang='lat' dir='ltr'>enim</span> <span class='ocrx_word' id='word_1_285' title='bbox 678 2675 758 2732; x_wconf 82' lang='grc'><strong>1828</strong></span> <span class='ocrx_word' id='word_1_286' title='bbox 779 2692 839 2731; x_wconf 91' lang='lat' dir='ltr'>cum</span> <span class='ocrx_word' id='word_1_287' title='bbox 859 2683 969 2731; x_wconf 93' lang='lat' dir='ltr'>auctore</span> <span class='ocrx_word' id='word_1_288' title='bbox 990 2675 1091 2730; x_wconf 89' lang='lat' dir='ltr'>Olenio</span> <span class='ocrx_word' id='word_1_289' title='bbox 1187 2664 1193 2733; x_wconf 68' lang='grc' dir='ltr'>ξ</span> 
     </span>
     <span class='ocr_line' id='line_1_31' title="bbox 17 2756 1091 2834; baseline 0 -22"><span class='ocrx_word' id='word_1_290' title='bbox 17 2798 21 2803; x_wconf 86' lang='grc'><strong>-</strong></span> <span class='ocrx_word' id='word_1_291' title='bbox 84 2756 196 2829; x_wconf 89' lang='lat' dir='ltr'>aliisque</span> <span class='ocrx_word' id='word_1_292' title='bbox 211 2756 298 2812; x_wconf 89' lang='lat' dir='ltr'>doctis</span> <span class='ocrx_word' id='word_1_293' title='bbox 314 2766 423 2815; x_wconf 88' lang='lat' dir='ltr'>naturae</span> <span class='ocrx_word' id='word_1_294' title='bbox 438 2776 529 2815; x_wconf 90' lang='lat' dir='ltr'>rerum</span> <span class='ocrx_word' id='word_1_295' title='bbox 543 2758 781 2834; x_wconf 88' lang='lat' dir='ltr'>investigatoribus</span> <span class='ocrx_word' id='word_1_296' title='bbox 793 2759 953 2813; x_wconf 86' lang='lat' dir='ltr'>Bavarorum</span> <span class='ocrx_word' id='word_1_297' title='bbox 967 2775 1015 2814; x_wconf 85' lang='lat' dir='ltr'>rex</span> <span class='ocrx_word' id='word_1_298' title='bbox 1029 2774 1091 2831; x_wconf 89' lang='lat' dir='ltr'>pro·</span> 
     </span>
     <span class='ocr_line' id='line_1_32' title="bbox 83 2841 1193 2924; baseline 0.003 -30"><span class='ocrx_word' id='word_1_299' title='bbox 83 2841 174 2914; x_wconf 90' lang='lat' dir='ltr'>posito</span> <span class='ocrx_word' id='word_1_300' title='bbox 202 2857 251 2896; x_wconf 90' lang='lat' dir='ltr'>suo</span> <span class='ocrx_word' id='word_1_301' title='bbox 277 2842 411 2915; x_wconf 91' lang='lat' dir='ltr'>stipendio</span> <span class='ocrx_word' id='word_1_302' title='bbox 434 2843 634 2900; x_wconf 85' lang='lat' dir='ltr'>lliccardianum</span> <span class='ocrx_word' id='word_1_303' title='bbox 660 2850 689 2900; x_wconf 91' lang='lat' dir='ltr'>et</span> <span class='ocrx_word' id='word_1_304' title='bbox 711 2842 846 2899; x_wconf 87' lang='lat' dir='ltr'>Parisinos</span> <span class='ocrx_word' id='word_1_305' title='bbox 871 2841 977 2898; x_wconf 86' lang='lat' dir='ltr'>codices</span> <span class='ocrx_word' id='word_1_306' title='bbox 1003 2844 1092 2898; x_wconf 82' lang='lat' dir='ltr'>excuti</span> <span class='ocrx_word' id='word_1_307' title='bbox 1186 2858 1193 2924; x_wconf 78' lang='grc' dir='ltr'>·;Ι</span> 
     </span>
    </p>
   </div>
   <div class='ocr_carea' id='block_1_7' title="bbox 83 2970 285 2983">
    <p class='ocr_par' dir='ltr' id='par_1_7' title="bbox 83 2970 285 2983">
     <span class='ocr_line' id='line_1_33' title="bbox 83 2970 285 2983; baseline 0 -3"><span class='ocrx_word' id='word_1_308' title='bbox 83 2970 285 2983; x_wconf 69' lang='lat'><strong>——-.-—-</strong></span> 
     </span>
    </p>
   </div>
   <div class='ocr_carea' id='block_1_8' title="bbox 84 3036 1189 3511">
    <p class='ocr_par' dir='ltr' id='par_1_8' title="bbox 84 3036 1189 3511">
     <span class='ocr_line' id='line_1_34' title="bbox 154 3036 1189 3107; baseline 0.007 -19"><span class='ocrx_word' id='word_1_309' title='bbox 154 3036 173 3103; x_wconf 84' lang='lat'>¹)</span> <span class='ocrx_word' id='word_1_310' title='bbox 189 3039 263 3089; x_wconf 80' lang='lat' dir='ltr'>Fels</span> <span class='ocrx_word' id='word_1_311' title='bbox 276 3040 309 3089; x_wconf 88' lang='lat' dir='ltr'>de</span> <span class='ocrx_word' id='word_1_312' title='bbox 324 3040 449 3091; x_wconf 87' lang='lat' dir='ltr'>codicum</span> <span class='ocrx_word' id='word_1_313' title='bbox 509 3042 575 3093; x_wconf 79' lang='lat' dir='ltr'>fatis</span> <span class='ocrx_word' id='word_1_314' title='bbox 587 3041 641 3092; x_wconf 86' lang='lat' dir='ltr'>fide</span> <span class='ocrx_word' id='word_1_315' title='bbox 655 3045 739 3107; x_wconf 82' lang='lat' dir='ltr'>atque</span> <span class='ocrx_word' id='word_1_316' title='bbox 752 3043 917 3092; x_wconf 81' lang='lat' dir='ltr'>auctoritate</span> <span class='ocrx_word' id='word_1_317' title='bbox 929 3039 1091 3106; x_wconf 76' lang='lat' dir='ltr'>(Gottingae</span> <span class='ocrx_word' id='word_1_318' title='bbox 1185 3080 1189 3095; x_wconf 91' lang='lat'>-.</span> 
     </span>
     <span class='ocr_line' id='line_1_35' title="bbox 86 3105 1188 3173; baseline 0.002 -18"><span class='ocrx_word' id='word_1_319' title='bbox 86 3105 162 3167; x_wconf 90' lang='grc'><strong>1861)</strong></span> <span class='ocrx_word' id='word_1_320' title='bbox 176 3106 268 3156; x_wconf 85' lang='lat' dir='ltr'>multis</span> <span class='ocrx_word' id='word_1_321' title='bbox 280 3106 357 3160; x_wconf 88' lang='lat' dir='ltr'>locis.</span> <span class='ocrx_word' id='word_1_322' title='bbox 383 3109 520 3159; x_wconf 84' lang='lat' dir='ltr'>Urlichs</span> <span class='ocrx_word' id='word_1_323' title='bbox 533 3110 618 3163; x_wconf 89' lang='lat' dir='ltr'>rhein.</span> <span class='ocrx_word' id='word_1_324' title='bbox 631 3109 756 3159; x_wconf 85' lang='lat' dir='ltr'>Musettm</span> <span class='ocrx_word' id='word_1_325' title='bbox 767 3109 799 3162; x_wconf 85' lang='lat' dir='ltr'>N.</span> <span class='ocrx_word' id='word_1_326' title='bbox 813 3108 957 3167; x_wconf 79' lang='lat' dir='ltr'>F.XV111‚</span> <span class='ocrx_word' id='word_1_327' title='bbox 970 3125 995 3173; x_wconf 91' lang='lat' dir='ltr'>p.</span> <span class='ocrx_word' id='word_1_328' title='bbox 1008 3109 1058 3158; x_wconf 78' lang='lat'>532</span> <span class='ocrx_word' id='word_1_329' title='bbox 1071 3122 1091 3160; x_wconf 84' lang='lat' dir='ltr'>s.</span> <span class='ocrx_word' id='word_1_330' title='bbox 1185 3164 1188 3171; x_wconf 37' lang='grc' dir='ltr'>Ι</span> 
     </span>
     <span class='ocr_line' id='line_1_36' title="bbox 85 3172 1091 3241; baseline 0.005 -21"><span class='ocrx_word' id='word_1_331' title='bbox 85 3172 211 3226; x_wconf 85' lang='lat' dir='ltr'>Heidelb.</span> <span class='ocrx_word' id='word_1_332' title='bbox 221 3174 240 3223; x_wconf 86' lang='lat' dir='ltr'>J</span> <span class='ocrx_word' id='word_1_333' title='bbox 242 3174 336 3227; x_wconf 84' lang='lat' dir='ltr'>ahrbb.</span> <span class='ocrx_word' id='word_1_334' title='bbox 349 3177 422 3228; x_wconf 79' lang='grc'><strong>1867.</strong></span> <span class='ocrx_word' id='word_1_335' title='bbox 432 3192 457 3239; x_wconf 93' lang='lat' dir='ltr'>p.</span> <span class='ocrx_word' id='word_1_336' title='bbox 467 3178 525 3230; x_wconf 79' lang='lat'>209.</span> <span class='ocrx_word' id='word_1_337' title='bbox 546 3176 700 3241; x_wconf 74' lang='lat' dir='ltr'>Mayhot&#39;i</span> <span class='ocrx_word' id='word_1_338' title='bbox 710 3175 918 3226; x_wconf 77' lang='lat' dir='ltr'>lucubrationes</span> <span class='ocrx_word' id='word_1_339' title='bbox 930 3176 1001 3228; x_wconf 84' lang='lat' dir='ltr'>Plin.</span> <span class='ocrx_word' id='word_1_340' title='bbox 1014 3192 1040 3240; x_wconf 93' lang='lat' dir='ltr'>p.</span> <span class='ocrx_word' id='word_1_341' title='bbox 1052 3178 1091 3225; x_wconf 80' lang='lat'>15.</span> 
     </span>
     <span class='ocr_line' id='line_1_37' title="bbox 84 3234 1186 3353; baseline 0.003 -67"><span class='ocrx_word' id='word_1_342' title='bbox 84 3238 103 3353; x_wconf 76' lang='grc' dir='ltr'>ἱῘ</span> <span class='ocrx_word' id='word_1_343' title='bbox 109 3254 162 3302; x_wconf 80' lang='lat' dir='ltr'>an,</span> <span class='ocrx_word' id='word_1_344' title='bbox 179 3241 431 3307; x_wconf 81' lang='lat' dir='ltr'>Sitzungsberichte</span> <span class='ocrx_word' id='word_1_345' title='bbox 443 3242 492 3292; x_wconf 88' lang='lat' dir='ltr'>der</span> <span class='ocrx_word' id='word_1_346' title='bbox 503 3243 580 3306; x_wconf 83' lang='lat' dir='ltr'>bayr.</span> <span class='ocrx_word' id='word_1_347' title='bbox 592 3242 741 3293; x_wconf 82' lang='lat' dir='ltr'>Academia</span> <span class='ocrx_word' id='word_1_348' title='bbox 755 3242 867 3307; x_wconf 71' lang='grc'><strong>18881,</strong></span> <span class='ocrx_word' id='word_1_349' title='bbox 881 3259 907 3307; x_wconf 95' lang='lat' dir='ltr'>p.</span> <span class='ocrx_word' id='word_1_350' title='bbox 916 3245 975 3297; x_wconf 74' lang='lat'>244.</span> <span class='ocrx_word' id='word_1_351' title='bbox 1001 3242 1093 3293; x_wconf 90' lang='lat' dir='ltr'>Philo·</span> <span class='ocrx_word' id='word_1_352' title='bbox 1180 3234 1186 3289; x_wconf 91' lang='lat'>&#39;.</span> 
     </span>
     <span class='ocr_line' id='line_1_38' title="bbox 96 3308 1186 3453; baseline 0 -30"><span class='ocrx_word' id='word_1_353' title='bbox 96 3308 492 3453; x_wconf 34' lang='grc' dir='ltr'>ἦμῗ)Χ1ξίἷί.“ἓῗὲς.ω.</span> <span class='ocrx_word' id='word_1_354' title='bbox 511 3379 553 3430; x_wconf 82' lang='lat' dir='ltr'>or.</span> <span class='ocrx_word' id='word_1_355' title='bbox 571 3381 611 3431; x_wconf 81' lang='lat' dir='ltr'>u.</span> <span class='ocrx_word' id='word_1_356' title='bbox 641 3378 719 3439; x_wconf 78' lang='lat' dir='ltr'>san,</span> <span class='ocrx_word' id='word_1_357' title='bbox 740 3376 781 3426; x_wconf 76' lang='lat' dir='ltr'>ea.</span> <span class='ocrx_word' id='word_1_358' title='bbox 797 3378 825 3439; x_wconf 89' lang='lat'>1,</span> <span class='ocrx_word' id='word_1_359' title='bbox 846 3378 897 3429; x_wconf 78' lang='lat' dir='ltr'>vot.</span> <span class='ocrx_word' id='word_1_360' title='bbox 916 3379 943 3435; x_wconf 81' lang='lat'>1,</span> <span class='ocrx_word' id='word_1_361' title='bbox 960 3394 1024 3443; x_wconf 74' lang='lat' dir='ltr'>pag.</span> <span class='ocrx_word' id='word_1_362' title='bbox 1043 3378 1090 3428; x_wconf 89' lang='lat' dir='ltr'>rv.</span> <span class='ocrx_word' id='word_1_363' title='bbox 1181 3374 1186 3423; x_wconf 94' lang='grc'>.·</span> 
     </span>
     <span class='ocr_line' id='line_1_39' title="bbox 86 3440 1186 3511; baseline 0.005 -19"><span class='ocrx_word' id='word_1_364' title='bbox 86 3440 342 3507; x_wconf 78' lang='lat' dir='ltr'>Sriaungoberichte</span> <span class='ocrx_word' id='word_1_365' title='bbox 356 3443 374 3495; x_wconf 94' lang='lat' dir='ltr'>l.</span> <span class='ocrx_word' id='word_1_366' title='bbox 389 3460 411 3495; x_wconf 90' lang='lat' dir='ltr'>c.</span> <span class='ocrx_word' id='word_1_367' title='bbox 424 3460 450 3510; x_wconf 85' lang='lat' dir='ltr'>p.</span> <span class='ocrx_word' id='word_1_368' title='bbox 464 3446 522 3496; x_wconf 79' lang='lat'>235.</span> <span class='ocrx_word' id='word_1_369' title='bbox 535 3447 594 3498; x_wconf 81' lang='lat'>239.</span> <span class='ocrx_word' id='word_1_370' title='bbox 612 3444 736 3507; x_wconf 72' lang='lat' dir='ltr'>(Jahrbb.</span> <span class='ocrx_word' id='word_1_371' title='bbox 753 3443 797 3494; x_wconf 76' lang='lat' dir='ltr'>fiir</span> <span class='ocrx_word' id='word_1_372' title='bbox 809 3443 880 3496; x_wconf 88' lang='lat' dir='ltr'>Phil.</span> <span class='ocrx_word' id='word_1_373' title='bbox 895 3446 968 3509; x_wconf 80' lang='lat'>1867,</span> <span class='ocrx_word' id='word_1_374' title='bbox 982 3462 1008 3511; x_wconf 92' lang='lat' dir='ltr'>p.</span> <span class='ocrx_word' id='word_1_375' title='bbox 1021 3444 1092 3511; x_wconf 79' lang='lat'>853.)</span> <span class='ocrx_word' id='word_1_376' title='bbox 1182 3441 1186 3452; x_wconf 87' lang='grc'><strong>“</strong></span> 
     </span>
    </p>
   </div>
   <div class='ocr_carea' id='block_1_9' title="bbox 0 0 1204 3856">
    <p class='ocr_par' dir='ltr' id='par_1_9' title="bbox 0 0 1204 3856">
     <span class='ocr_line' id='line_1_40' title="bbox 0 0 1204 3856; baseline 0 1"><span class='ocrx_word' id='word_1_377' title='bbox 0 0 1204 3856; x_wconf 95' lang='lat' dir='ltr'> </span> 
     </span>
    </p>
   </div>
  </div>
 </body>
</html>
