2400 3856
307 171 496 219 11111111.
514 170 551 217 11.
567 165 688 222 (tt—69.
707 152 857 240 (tt-69.)
1066 158 1126 222 103

118 327 257 407 premitur
265 343 350 385 omne
362 323 500 404 quicquid
513 332 558 383 est
567 323 727 382 subiectum
740 323 850 383 duabus
871 324 1009 383 extremis
1030 326 1126 384 utrim-
1189 360 1195 383 .

119 429 176 491 que
195 411 273 469 circa
288 409 427 483 vertices,
444 408 519 466 hunc
537 408 585 485 qui
600 407 723 466 trionum
739 415 853 485 septem
868 417 989 468 vocatur
1002 425 1125 488 eumque

119 495 167 573 qui
183 493 323 553 adversus
335 491 376 552 illi
391 491 534 552 austrinus
548 490 722 570 appellatur.
751 499 894 568 perpetua
908 491 1003 568 caligo
1016 492 1125 551 utrobi·

119 595 176 657 que
193 584 222 635 et
237 575 333 637 alieno
351 574 516 635 molliorum
531 574 658 635 siderum
674 574 816 652 adspectu
831 574 956 651 maligna
971 592 1006 634 ac
1024 577 1127 654 pruina

95 670 225 722 stantum
243 659 373 720 albicans
390 659 449 718 lux.
473 675 547 720 vero
568 657 662 718 media
689 667 845 734 terrarum,
871 675 927 737 qua
945 658 1017 717 solis
1033 659 1127 719 orbita

120 755 180 820 est,
206 752 308 804 exusta
331 742 452 803 flammis
475 751 505 802 et
527 752 654 803 cremata
669 743 826 802 comminus
841 759 953 820 vapore
969 749 1125 801 torrentur.

120 830 199 890 circa
211 828 285 887 duae
301 834 408 887 tautum
419 827 495 886 inter
512 835 643 887 exustam
656 834 684 885 et
697 826 818 903 rigentis
833 834 1041 904 temperantur,
1060 844 1126 886 eae·

120 931 175 990 que
197 913 281 987 ipsae
298 911 374 970 inter
396 927 430 970 se
453 927 511 970 non
534 912 654 990 perviae
677 918 802 988 propter
825 909 989 970 incendium
1011 910 1125 970 sideris.

121 996 162 1055 ita
172 1005 269 1056 terrae
281 1003 343 1054 tres
354 1002 454 1073 partes
461 994 578 1055 abstulit
589 994 712 1069 caelum,
729 994 832 1053 oceani
843 995 944 1072 rapina
956 994 984 1052 in
996 995 1108 1054 incerto
1120 999 1172 1057 rte

85 1089 175 1152 mest,
204 1079 257 1137 sed
282 1087 312 1138 11
335 1078 438 1138 relicta
458 1078 543 1138 nobis
565 1096 620 1139 una
641 1078 738 1158 portio
760 1076 836 1138 haud
862 1078 924 1137 scio
946 1095 982 1138 an
998 1080 1083 1138 etiam
1099 1078 1128 1136 in

120 1164 230 1224 maiore
246 1161 349 1222 damno
365 1162 411 1236 sit,
442 1163 519 1222 idem
537 1162 679 1241 siquidem
696 1178 825 1222 oceanus
840 1161 951 1221 infusus
965 1163 994 1220 in
1011 1161 1126 1234 multos,

119 1246 292 1317 utdioemus,
305 1248 403 1308 sinuus
416 1247 491 1308 adeo
503 1247 600 1307 vicino
608 1262 731 1306 accessu
746 1246 858 1306 interna
873 1245 962 1306 maria
976 1245 1099 1306 adlatrat
1113 1240 1171 1330 ¹32ss

121 1338 151 1389 ut
175 1338 289 1389 centum
311 1329 475 1408 quindecim
492 1328 607 1389 milibus
628 1346 763 1408 passuum
779 1327 924 1389 Arabicus
946 1329 1025 1390 sinus
1041 1330 1129 1389 distet

121 1412 157 1474 ab
175 1413 324 1492 Aegyptio
348 1413 432 1488 mari,
458 1409 582 1491 Caspius
602 1430 675 1473 vero
693 1410 873 1472 CCCLXXV
889 1411 1004 1472 milibus
1022 1431 1039 1472 a
1055 1413 1128 1472 Pou-

86 1499 190 1572 astioo,
209 1497 285 1556 idem
301 1495 458 1556 interfusus
473 1497 558 1556 intrat
573 1514 627 1575 per
642 1504 685 1556 tot
696 1497 785 1557 maria
797 1495 901 1574 quitus
912 1494 1052 1572 Africam,
1071 1495 1128 1556 Eu-

120 1598 233 1658 ropam,
249 1579 349 1640 Asiam
359 1579 509 1658 dispescit,
527 1589 660 1658 quantum
671 1588 813 1640 terrarum
827 1577 970 1659 occupat?
1003 1588 1173 1658 conpulit

121 1673 197 1724 tetur
213 1664 388 1724 etiamnunc
405 1682 539 1725 mensura
557 1673 598 1725 tot
621 1665 782 1739 fluminum,
809 1671 950 1724 tantarum
972 1662 1128 1742 paludium,

122 1748 261 1808 addantur
277 1756 306 1807 et
321 1750 430 1825 lacuna,
442 1757 554 1826 stagna,
581 1749 636 1809 iam
653 1747 730 1808 elata
745 1749 774 1806 in
796 1747 908 1808 caelum
925 1764 960 1808 ac
975 1747 1063 1809 ardua
1080 1747 1128 1807 ad·

123 1839 225 1908 spectu
244 1848 359 1909 quoque
375 1833 452 1908 iuga,
471 1832 527 1892 iam
543 1831 634 1892 silvae
651 1831 804 1910 vallesque
822 1839 999 1910 praeruptae
1016 1839 1045 1890 et
1060 1830 1129 1889 soli·

85 1932 112 1972 ao
123 1915 236 1973 tudines
253 1923 282 1973 et
297 1914 377 1975 mille
394 1916 489 1976 causis
505 1915 633 1976 deserta.
650 1914 837 1976 detrahantur
850 1913 906 1975 hae
923 1923 965 1974 tot
977 1914 1130 1993 portiones

123 2007 230 2074 terrae,
247 2000 332 2058 immo
347 2017 430 2075 vero,
448 2009 478 2060 ut
492 1999 594 2078 plures
606 1999 764 2075 tradidere,
781 1999 878 2061 mundi
894 2007 1000 2077 puncto
1017 1998 1130 2076 (neque

123 2077 198 2141 enim
219 2082 295 2143 aliud
311 2092 355 2143 est
376 2093 455 2144 terra
475 2085 504 2143 iu
521 2084 689 2165 universo):
715 2083 791 2144 haec
815 2092 859 2143 est
874 2084 993 2144 materia
1015 2081 1130 2159 gloriae

122 2173 255 2242 nostrae,
279 2165 355 2227 haec
376 2169 474 2228 sedes.
503 2168 551 2229 hio
567 2167 696 2229 honores
717 2168 862 2246 gerimus,
887 2167 934 2228 hic
957 2180 1131 2226 exercemus

98 2262 101 2267 ·
122 2250 254 2326 imperia,
272 2248 320 2309 hic
335 2268 408 2329 opes
425 2253 565 2330 cupimus,
581 2253 628 2313 lric
643 2253 844 2313 tumultuamur
859 2252 1010 2313 humanum
1026 2273 1129 2332 genus,

87 2347 112 2388 aa
122 2331 169 2391 hio
185 2332 374 2392 instauramus
386 2334 466 2393 bella
483 2336 568 2394 etiam
584 2336 690 2410 civilia,
706 2338 870 2416 mutuisque
887 2338 1027 2397 caedibus
1038 2338 1129 2399 laxio-

87 2436 89 2441 ·
123 2420 185 2473 iem
203 2414 323 2473 iacimus
338 2424 455 2475 terram.
482 2424 512 2475 11
535 2424 565 2475 ut
586 2418 722 2495 publicos
744 2420 872 2496 gentium
885 2419 1001 2479 lurores
1016 2429 1108 2481 traus-
1121 2429 1173 2486 171

124 2515 204 2569 eam,
220 2494 294 2555 haec
309 2497 337 2555 in
352 2515 407 2575 qua
419 2499 625 2559 conterminos
647 2500 784 2579 pellimus
802 2501 938 2580 furtoque
959 2504 1045 2562 vicini
1063 2522 1129 2564 cae·

124 2579 228 2654 spitem
243 2588 342 2639 nostro
361 2580 426 2640 solo
444 2581 622 2659 adiodimus,
646 2592 677 2642 ut
697 2584 745 2662 qui
769 2583 909 2645 latissime
925 2603 992 2647 rura
1007 2597 1130 2647 metatus

123 2662 210 2721 inerit
226 2662 357 2743 ultraque
379 2665 483 2726 famam
499 2668 633 2745 exegerit
650 2667 770 2729 adcolas
786 2677 873 2747 quota
888 2676 1029 2731 terrarum
1046 2680 1129 2751 parte

88 2747 249 2823 angandeat
272 2749 338 2828 vel,
356 2767 419 2809 cum
435 2751 471 2810 ad
487 2768 651 2813 mensuram
666 2752 804 2814 avaritiae
821 2770 890 2813 suae
909 2757 1128 2835 propagaverit,

124 2847 208 2908 quam
225 2831 340 2892 tandem
357 2834 521 2911 portionem
538 2835 601 2896 eius
616 2836 769 2898 defunctus
785 2838 926 2916 optineat!

185 2914 234 2976 69.
252 2916 335 2996 (69.)
351 2915 476 2979 Mediam
500 2936 567 2978 esse
581 2929 688 2981 terram
704 2921 800 2981 mundi
820 2923 907 2982 totius
926 2921 994 2982 haut
1015 2921 1108 2983 dubiis
1120 2931 1172 2991 rte

125 3006 236 3058 constat
252 3002 446 3078 argumentis,
471 3001 525 3063 sed
543 3001 703 3065 clarissime
719 3006 885 3084 aequinocti
902 3004 1020 3083 paribus
1036 3004 1126 3065 horis.

82 3124 84 3128 -
123 3098 187 3140 nam
203 3083 257 3140 nisi
273 3084 300 3142 in
316 3085 412 3146 medio
429 3088 678 3165 esset-aequales
693 3089 757 3149 dies
774 3097 937 3166 noctesque
954 3087 1055 3148 haberi
1070 3106 1129 3149 non

89 3173 255 3242 esposseut.
295 3168 519 3246 deprehendere
544 3178 574 3230 11
597 3171 745 3251 dioptrae,
775 3190 850 3251 quae
874 3170 923 3231 vel
948 3173 1071 3234 maxime
1099 3172 1129 3233 id

125 3249 309 3325 confirmant,
334 3269 397 3311 cum
419 3254 625 3333 aequinoctiali
640 3265 831 3334 tempore-ex
845 3254 949 3314 eadem
963 3255 1031 3316 linia
1047 3264 1128 3316 ortus

124 3347 306 3413 occasusque
323 3345 467 3414 cernatur,
484 3337 629 3401 solstitiali
642 3341 761 3400 exortus
772 3356 827 3417 per
842 3354 922 3398 suam
937 3336 1043 3416 liniam,
1060 3339 1128 3400 bru·
