2400 3856
314 223 396 270 usu.
415 222 504 270 u1su.
527 222 570 270 vr.
589 214 706 268 att-at.
731 207 869 289 (aa-33.)
1039 201 1103 267 249

92 377 188 436 viuum
205 383 235 435 ut
252 375 338 435 Indos
354 375 455 452 palmis
479 377 661 454 exprimere,
686 376 781 436 oleum
804 379 939 437 sesimae.
969 393 1101 435 numero-

94 462 225 522 sissimos
248 477 316 518 esse
337 458 519 534 Homeritas,
546 458 685 535 Minaeis,
713 460 827 521 fertiles
851 479 939 537 agros
968 459 1101 536 palmetis

94 543 289 620 arbustoque,
311 544 339 601 in
355 560 463 620 pecore
479 542 601 602 divitias.
636 540 791 603 Geubanos
813 552 844 604 et
867 543 997 602 Aruacos
1016 544 1101 601 armis

93 634 261 705 praestare,
285 626 406 686 maxime
424 623 653 686 Chatramotitas.
685 624 800 686 Carreis
819 627 976 687 latissimos
994 633 1024 684 et
1044 627 1101 684 ler-

59 721 72 763 t
94 710 245 770 tilissimos
261 727 358 786 agros.
394 709 525 769 Sabaeos
541 710 699 770 ditissimos
715 709 849 769 silvarum
864 709 1016 769 fertilitate
1034 709 1102 768 odo·

95 793 199 869 rilera,
226 795 287 852 auri
310 792 452 868 metallis,
469 811 604 870 agrorum
626 795 733 870 riguis,
753 793 847 852 mellis
864 811 1010 871 ceraeque
1025 803 1118 869 pro-1·
1131 804 1159 838 ¹²

95 884 192 936 ventu.
226 875 262 935 de
280 877 419 936 odoribus
440 895 493 936 suo
516 877 643 936 dicemus
665 877 817 936 volumine.
851 876 966 935 Arabes
987 876 1158 933 mitratiloa

97 959 206 1036 degunt
231 968 279 1018 aut
305 962 422 1020 intouso
442 962 539 1036 crine,
565 960 654 1020 barba
676 961 825 1020 abraditur
843 968 1047 1038 praeterquam
1074 960 1103 1017 in

94 1044 249 1121 superiore
272 1043 365 1105 labro.
402 1043 465 1104 aliis
488 1052 518 1104 et
537 1043 609 1104 haec
632 1046 755 1103 intonsa.
794 1045 952 1120 mirumque
971 1042 1048 1101 dictu
1066 1059 1104 1101 ex

56 1141 81 1180 1⁰
94 1128 250 1187 innumeris
274 1126 389 1206 populis
415 1146 483 1206 pars
507 1146 597 1205 aequa
618 1130 647 1186 iu
668 1129 840 1187 commerciis
871 1136 919 1186 aut
943 1126 1103 1185 latrociniis

95 1209 185 1287 degit.
224 1211 253 1269 iu
277 1211 442 1271 uuiversum
467 1219 572 1287 gentes
599 1211 777 1288 ditissimae,
805 1220 835 1272 ut
859 1210 933 1288 apud
955 1228 1024 1288 quas
1048 1226 1104 1268 ma·

94 1295 188 1351 simae
221 1310 293 1370 opes
314 1292 509 1353 Romanorum
529 1293 757 1372 Parthorumque
784 1294 953 1370 subsidant,
978 1293 1103 1353 vendeu-

95 1377 172 1436 tibus
196 1393 269 1454 quae
288 1394 305 1436 e
325 1377 394 1435 mari
417 1385 465 1436 aut
486 1374 568 1436 silvis
585 1378 716 1456 capiunt,
733 1379 804 1437 uihil
823 1379 947 1437 invicem
962 1378 1104 1437 redimen-

95 1460 182 1519 tibus.
1135 1515 1139 1523 .

57 1555 83 1596 15
161 1541 242 1622 (33.)
264 1541 345 1603 Nunc
370 1542 510 1622 reliquam
536 1562 615 1605 oram
637 1544 764 1605 Arabiae
793 1547 965 1605 contrariam
994 1547 1159 1622 perse-163

95 1644 225 1705 quemur.
261 1626 464 1687 Timosthenes
482 1636 573 1688 totum
594 1629 685 1688 siuum
709 1629 851 1707 quatridui
875 1630 1060 1705 navigatione
1075 1629 1104 1686 in

95 1710 304 1788 longitudinem
321 1713 445 1789 taxavit,
465 1711 543 1771 bidui
560 1714 588 1772 in
606 1712 796 1788 latitudinem,
813 1717 959 1789 augustias
976 1711 1030 1771 llll
1045 1711 1102 1770 mil.

94 1792 120 1851 D
138 1811 225 1872 pass,
242 1793 455 1854 Eratosthenes
471 1796 506 1855 ab
523 1797 599 1855 ostio
620 1798 686 1878 le'll
702 1798 731 1855 in
746 1813 887 1874 quamque
904 1805 1032 1873 partem,
1050 1795 1104 1853 Ar·

96 1877 254 1937 temidorus
280 1878 406 1938 Arabiae
430 1877 522 1940 latere
552 1883 636 1961 qx'rffi
664 1879 685 1938 h
709 1880 783 1955 mil,
809 1875 862 1940 29.
893 1878 1091 1955 Trogodytico
1107 1881 1159 1934 lta

56 1975 82 2016 ao
96 1979 168 2019 vero
191 1962 244 2042 ,Π
263 1959 402 2022 XXXllll
422 1960 452 2021 ll
474 1961 499 2021 D
523 1981 601 2041 pass.
629 1895 808 2023 A'tolomaida
830 1981 930 2041 usque.
971 1962 1102 2041 Agrippa

96 2047 184 2127 Ιῑῆῆ
204 2043 315 2104 XXXII
326 2045 383 2104 mil.
401 2063 536 2122 passuum
551 2049 613 2106 sine
630 2047 794 2107 dilierentia
809 2045 939 2106 laterum.
970 2045 1104 2124 plerique

95 2127 271 2188 latitudinem
293 2126 500 2189 GCCCLXXV
515 2130 722 2208 prodiderunt,
744 2131 894 2209 laneisque
907 2130 1031 2190 hiberno
1047 2132 1104 2189 ori-

96 2212 155 2271 enti
173 2212 314 2273 obversas
333 2213 381 2273 alii
397 2213 468 2290 Xll,
492 2214 540 2273 alii
565 2214 620 2274 XV
634 2215 692 2277 mil.
716 2233 849 2292 passuum
870 2223 981 2292 patere.
1015 2212 1092 2273 Situs
1107 2215 1158 2268 loo

95 2302 190 2353 autem
210 2296 249 2354 ita
267 2315 301 2356 se
319 2295 424 2355 habet:
443 2298 469 2354 A
486 2299 549 2356 sinu
566 2297 731 2358 Laeanitico
745 2298 819 2357 alter
835 2300 915 2356 sinus
931 2315 1016 2374 quem
1031 2296 1102 2355 Ara·

57 2390 82 2432 as
96 2377 150 2436 bes
165 2375 248 2436 Aean
265 2386 387 2453 vocant,
410 2380 437 2437 iu
455 2397 512 2456 quo
527 2379 647 2438 Heroon
664 2379 798 2457 oppidum
815 2388 871 2439 est.
901 2380 956 2438 luit
978 2388 1008 2439 et
1024 2376 1104 2438 Cam·

95 2459 169 2536 bysu
185 2461 261 2519 iuter
277 2459 369 2519 Nelos
386 2470 416 2521 et
430 2461 598 2522 Marchadas
613 2462 744 2521 deductis
760 2481 796 2521 eo
812 2464 910 2539 aegris
926 2464 1102 2523 exercituus.

94 2562 168 2621 gens
185 2542 295 2618 Tyron,
311 2544 429 2606 Daueon
446 2554 559 2623 portus,
575 2565 613 2604 ex
629 2562 686 2622 quo
702 2545 893 2622 navigabilem
909 2546 1021 2606 alveum
1038 2564 1103 2623 per-

95 2626 202 2686 ducere
226 2628 255 2686 iu
273 2626 384 2704 Nilum,
403 2647 457 2706 qua
476 2637 558 2706 parte
574 2628 608 2688 ad
623 2627 709 2688 Delta
730 2627 1160 2706 diotumdecurrtt,.tx11no

94 2710 123 2770 hl
139 2709 164 2768 D
182 2729 316 2788 passuum
335 2710 506 2788 interuallo,
526 2713 603 2791 quod
618 2713 695 2771 inter
711 2712 814 2772 llumen
836 2712 1007 2772 et·Rubrum
1026 2731 1104 2772 mare

56 2795 236 2870 cointerest,
265 2797 372 2873 primos
398 2799 520 2856 omnium
548 2795 695 2856 Sesostris
722 2796 851 2874 Aegypti
875 2816 929 2857 rex
952 2798 1103 2874 cogitavit,

94 2894 163 2935 mox
181 2877 284 2937 Darius
309 2878 477 2956 Persarum,
499 2879 603 2939 deiude
625 2872 810 2941 Ptolomaeus
834 2900 979 2960 sequens,
1002 2881 1049 2956 qui
1073 2887 1104 2939 et

95 2960 175 3018 duxit
193 2962 300 3020 fossam
322 2962 471 3022 latitudine
491 2963 594 3041 pedum
618 2960 657 3040 G,
678 2963 827 3024 altitudine
843 2963 909 3040 XL,
933 2966 962 3023 in
979 2963 1104 3039 longitn-

95 3043 189 3103 dinem
216 3043 356 3105 XXXVll
384 3044 413 3104 Μ
440 3046 464 3105 D
493 3064 627 3124 passuum
658 3065 750 3125 usque
774 3047 814 3106 ad
840 3046 950 3107 Fontes
981 3064 1102 3105 amaros.

95 3125 170 3185 ultra
185 3126 326 3188 deterruit
347 3130 539 3190 inundationis
559 3139 667 3207 metus,
692 3130 858 3191 excelsiore
878 3131 969 3189 tribus
987 3130 1091 3189 cubitis
1105 3138 1158 3203 tob

56 3224 82 3266 ts
95 3209 195 3269 Rubro
216 3213 285 3270 mari
308 3222 451 3291 conperto
476 3231 558 3291 quam
582 3223 659 3274 terra
683 3215 820 3292 Aegypti.
858 3214 944 3291 aliqui
966 3232 1021 3273 nou
1040 3231 1104 3273 eam

96 3292 229 3352 adierunt
253 3313 387 3372 causam,
408 3297 460 3356 sed
484 3316 520 3356 ne
542 3299 661 3357 inmisso
680 3300 749 3357 mari
771 3305 1008 3375 corrumperetur
1030 3315 1104 3375 aqua

95 3375 170 3451 Nili,
187 3395 261 3455 quac
279 3379 340 3438 sola
357 3389 461 3458 potuus
485 3382 615 3458 praebet.
647 3380 837 3440 Nihilominus
859 3382 916 3440 iter
934 3389 1023 3440 totum
1044 3389 1102 3440 ter·

95 3478 167 3519 reno
184 3461 386 3540 frequentatur
407 3465 506 3524 amari
523 3465 690 3543 Aegyptio,
709 3465 786 3542 quod
807 3472 852 3524 est
873 3463 998 3543 triplex,
1018 3482 1102 3522 unum
