2400 3856
350 161 431 209 unu.
453 163 544 215 nisu.
568 168 591 213 1.
614 158 713 229 (vum.
736 160 782 233 x.)
1035 156 1075 220 19

60 312 184 377 camelo.
213 312 266 396 (2)
284 312 352 397 [ds]
366 315 521 394 phoenice.
554 318 606 399 (3)
624 321 793 401 Aquilarum
808 343 928 402 genera.
957 324 1008 406 (4)
1025 345 1073 386 na·

59 408 125 461 tura
139 416 249 463 carum.
280 396 333 478 (5)
348 402 463 481 quando
480 401 630 481 legionum
643 408 727 483 signa
741 426 809 469 esse
826 412 989 487 coeperint.
1020 410 1072 491 (6)

62 489 99 549 de
113 487 213 569 aquila
228 506 304 566 quae
324 490 355 547 in
369 505 473 566 rogum
490 492 613 568 virginis
629 511 663 553 sc
677 495 765 555 misit.
805 493 855 574 (7)
870 495 986 556 Voltur.
1024 494 1074 574 (8)

60 572 137 633 nris
166 570 330 650 sanqualis,
363 573 532 633 inmusulus.
581 573 730 654 (9-11)
760 577 927 657 Accipitres
957 581 1074 658 (buteo.

38 655 113 730 ⁸10.
133 663 284 744 inquibus
300 662 376 723 locis
392 664 536 722 societate
551 663 706 741 accipitres
729 671 759 724 et
776 663 910 725 homiues
928 681 1072 741 aucupen-

60 760 119 812 tur.
153 747 203 813 ll.
217 765 293 827 quae
311 748 374 807 auis
389 747 454 807 sola
470 765 486 806 a
502 764 556 806 suo
572 765 684 824 genere
700 749 890 809 interimatur.
921 765 996 827 quae
1011 749 1072 806 avis

60 833 176 914 singula
194 849 250 893 ova
269 827 396 917 pariat).
433 827 614 911 (12)1111ν1.
650 830 722 913 (13)
742 830 879 910 Digestio
905 834 998 892 avium
1019 849 1073 909 per

59 935 183 997 genera.
218 913 294 994 (14)
310 915 355 975 De
371 916 558 993 inauspicatis
574 915 685 980 avibus.
714 919 849 978 cornices
867 917 972 997 quibus
993 934 1072 975 men-

60 1002 144 1065 sibus
164 1018 223 1062 non
245 1002 303 1061 sint
322 1001 529 1078 inauspicatae.
567 997 640 1079 (15)
660 1001 705 1062 De
725 1003 832 1063 corvis.
865 999 938 1081 (16)
957 999 1003 1061 De
1021 1000 1072 1059 bu·

24 1086 149 1153 robono.
186 1082 260 1163 (17)
285 1082 331 1145 De
357 1084 458 1144 auibus
482 1103 601 1163 quarum
626 1087 686 1148 vita
712 1095 760 1146 aut
785 1087 889 1147 notitia
915 1085 1071 1146 intercidit.

58 1169 134 1251 (18)
151 1166 261 1242 Quaen
274 1168 363 1228 cauda
375 1177 538 1231 nascantur.
561 1167 633 1248 (19)
649 1169 693 1231 De
706 1173 830 1234 noctuis.
857 1168 930 1250 (20)
948 1169 993 1230 De
1005 1171 1071 1248 pico

58 1254 175 1317 blartio.
212 1250 285 1334 (21)
306 1251 351 1312 De
372 1253 508 1331 hisquae
525 1270 616 1313 uncos
639 1272 749 1332 ungues
761 1255 876 1316 habent.
914 1251 1070 1334 (22-25)

57 1338 105 1401 Dc
122 1338 169 1399 his
195 1356 271 1416 quac
292 1336 402 1414 digitos
423 1337 540 1399 habent.
581 1334 648 1417 (22.
669 1336 726 1416 23)
748 1338 784 1399 de
809 1341 971 1418 pavonibus
996 1333 1069 1424 (23.

58 1425 125 1504 qais
162 1423 251 1483 rimus
265 1438 409 1499 pavonem
425 1422 482 1481 cibi
498 1439 584 1482 causa
606 1422 757 1484 occiderit.
785 1424 851 1502 quis
866 1424 973 1483 larcire
989 1424 1070 1483 insti·

23 1508 150 1571 notuerit
174 1553 180 1567 .
223 1502 290 1586 (24.
311 1502 369 1583 25)
393 1506 429 1565 do
444 1505 615 1582 gallinaceis
638 1498 710 1589 (25.
732 1508 879 1586 quomodo
895 1515 1069 1566 castrentur.

58 1591 96 1653 de
116 1608 155 1670 ga
167 1590 283 1651 linaceo
303 1586 434 1676 locuto).
472 1587 640 1668 (26-28)
655 1591 692 1650 de
708 1610 814 1652 ansere
858 1589 909 1653 27.
930 1593 994 1669 quis
1013 1590 1070 1668 pri·

57 1692 133 1735 mnnr
163 1676 248 1735 iecur
275 1677 440 1734 anserinum
468 1675 637 1734 instituerit.
683 1672 735 1737 28.
770 1676 806 1736 de
866 1668 1069 1820 ommagenog.

58 1756 132 1840 (29)
160 1757 392 1837 chenalopeces,
425 1758 620 1835 chenerotes,
654 1766 819 1836 tetraones,
850 1760 956 1820 otides.
997 1757 1070 1838 (3)

57 1860 159 1921 grues.
184 1840 258 1922 (31)
276 1843 313 1903 de
335 1845 465 1903 ciconiis.
494 1839 568 1921 (32)
583 1842 620 1902 de
637 1842 801 1922 palmipede
814 1843 928 1921 reliquo
946 1861 1068 1920 genere.

21 1928 95 1993 sodo
110 1926 254 1988 oloribus.
284 1925 357 2006 (33)
369 1926 412 1987 De
429 1927 532 1987 auibus
545 1927 713 2006 peregrinis
725 1945 799 2005 quae
815 1929 945 1988 veniunt.
975 1934 1071 1987 cotur-

56 2014 156 2089 nices,
179 2010 339 2089 glottides,
362 2011 548 2086 cychramus,
572 2021 648 2071 otus.
676 2009 743 2092 (34.
763 2009 821 2089 35)
835 2011 881 2072 Dc
900 2012 1001 2073 avibus
1020 2030 1070 2072 no·

56 2097 129 2157 stris
151 2112 227 2173 quae
248 2094 417 2172 discedunt,
433 2104 463 2155 et
477 2113 535 2173 quo
555 2096 670 2157 abeant.
704 2096 890 2173 hirundines,
909 2097 995 2172 turdi,
1012 2114 1069 2156 me·

55 2180 152 2258 sulae,
165 2180 267 2241 sturni.
293 2178 338 2240 De
350 2179 451 2239 avibus
464 2198 539 2258 quae
554 2179 664 2259 plumas
676 2183 809 2242 amittunt
820 2183 850 2242 in
863 2182 1069 2243 occultatione.

56 2271 170 2340 turtur,
188 2263 349 2342 palumbes.
377 2264 556 2346 [sturnorum
575 2272 605 2324 et
622 2263 804 2326 hirundinum
825 2265 963 2346 volatus]
996 2263 1068 2344 (36)

21 2371 47 2413 se
57 2344 141 2420 Quae
157 2350 251 2408 arium
263 2365 420 2426 perennes,
438 2366 513 2427 quae
529 2356 702 2423 semestres,
722 2368 795 2426 quae
809 2350 983 2409 trimestres.
1008 2347 1070 2425 gal·

54 2432 134 2510 guli,
152 2448 276 2510 upupae.
311 2430 383 2510 (37)
404 2431 614 2492 blemnouides.
650 2430 724 2510 (38)
747 2430 955 2508 Meleagrides.
997 2429 1070 2508 (39)

55 2514 241 2577 Seleucides.
270 2512 342 2596 (40)
355 2515 425 2577 lbis.
451 2512 525 2595 (41)
538 2512 621 2586 Quae
633 2515 738 2593 quihus
756 2515 831 2575 locis
844 2533 915 2575 aves
931 2532 988 2574 non
1001 2516 1069 2577 siut.

54 2596 214 2679 (42-45)
233 2596 314 2669 Quae
335 2608 446 2659 mutent
465 2599 597 2659 colorem
613 2608 644 2658 ct
666 2616 778 2659 vocem.
812 2599 848 2660 de
872 2600 1001 2659 oscinum
1019 2618 1069 2677 ge·

54 2702 130 2746 nere
157 2676 230 2768 [43.
250 2682 288 2745 de
315 2683 464 2760 lusciniis,
498 2680 551 2745 44.
579 2683 616 2743 de
642 2683 893 2763 melancoryphis,
919 2684 1068 2762 erithacis,

19 2768 256 2848 sophoenicuris.
288 2765 340 2830 45.
360 2767 523 2846 oenanthe,
546 2762 694 2857 chlorio).
731 2766 804 2849 (46)
827 2768 954 2848 Tempus
975 2772 1070 2830 auium

54 2848 517 3016 tttll'ltylllllltllt.
535 2851 1069 3016 “lit”¹¹t¹13²ttrlllllt·oilli

52 3020 131 3083 nidis
161 3013 363 3105 (hirundinum
395 3039 486 3100 opera
514 3021 594 3080 mira.
634 3022 772 3099 ripariae.
808 3020 857 3085 56.
885 3019 1067 3094 acanthyllis.

51 3103 105 3168 51.
119 3120 250 3183 merops.
287 3104 324 3165 de
341 3099 542 3189 perdicibus).
579 3102 646 3183 (52.
663 3103 721 3183 53)
732 3104 777 3165 De
795 3106 945 3166 columbis.
977 3121 1069 3182 opera

19 3206 154 3254 escarum
171 3187 313 3249 mirabilia
334 3198 364 3249 et
383 3192 488 3268 pretia.
518 3187 585 3269 (54.
602 3187 659 3266 55)
674 3188 867 3249 Differentiae
886 3187 1020 3249 uolatuus
1038 3195 1068 3247 et

52 3275 209 3335 incessuus
229 3265 303 3357 (55.
322 3275 432 3353 apodes
448 3276 512 3335 sive
527 3267 674 3360 cypseli).
711 3271 784 3352 (56)
801 3273 846 3331 De
861 3281 945 3350 pastu
964 3274 1067 3332 avium.

54 3358 242 3438 caprimulgi,
263 3359 366 3437 platea.
404 3358 477 3437 (57)
495 3357 540 3418 De
555 3359 682 3436 ingeniis
699 3359 803 3418 avium.
836 3354 991 3433 carduelis,
1008 3366 1068 3416 tau·

53 3462 120 3525 rus,
141 3441 258 3504 anthus.
296 3439 466 3523 (58-60)
486 3441 531 3504 Dc
544 3442 646 3504 auibus
666 3458 741 3520 quae
762 3440 906 3587 locuntpr*
916 3433 1066 3527 (psittaci,
