2400 3856
76 166 138 230 140
419 181 450 234 c.
471 183 567 231 cnruu
590 181 739 243 saeuum

32 340 66 393 85
80 332 200 406 Quidam
216 335 285 397 haut
300 334 401 415 procul
422 338 457 397 ab
480 356 514 398 ea
536 345 567 398 et
583 336 720 398 Berelida
736 345 846 415 ponunt
871 345 900 399 et
916 332 1037 396 Callode
1054 344 1085 395 et

76 435 159 497 quam
174 429 278 481 vocant
295 420 387 481 Meraa
405 421 489 482 lutra.
508 421 693 482 celeberrimi
710 423 739 480 in
756 438 790 482 ea
808 420 981 499 populorum
997 418 1085 479 Ilien·

75 521 142 579 ses,
162 502 274 582 Balari,
298 503 384 566 Corsi
410 505 580 583 oppidorum
602 504 716 581 XVIII,
746 504 901 581 Sulcitani,
922 502 1085 575 Valentini,

74 584 276 666 Neapolitani,
292 588 443 666 Vitenses,
461 587 616 650 Caralitani
632 591 735 650 civium
751 587 962 662 Romanorum,
979 595 1010 646 et
1024 584 1085 645 Nn·

74 688 197 748 renses,
214 672 330 734 colonia
345 681 440 734 autem
457 691 512 734 uaa
527 691 603 752 quae
618 681 739 733 vocatur
757 672 793 734 ad
811 669 1082 732 turremLibisonis.
1105 684 1120 726 s

76 755 236 815 Sardiniam
257 758 348 833 Ipsam
367 754 501 818 'l'imaaus
526 756 715 817 Sandaliotim
736 755 896 835 appellavit
920 755 955 814 ab
982 754 1084 830 elligie

76 838 186 917 soleae,
198 838 335 918 Myrsilus
350 839 500 902 Ichnusam
516 858 533 901 a
550 840 737 900 similitudine
750 841 866 916 vestIgi.
892 835 1000 898 Contra
1011 837 1085 897 Pae·

76 931 187 984 stanum
208 927 300 984 sinum
321 924 462 985 Leucasia
486 932 532 983 est
558 941 575 983 a
595 923 699 984 Sirene
722 923 763 983 ibi
790 922 906 1001 sepulta
927 921 1082 999 appellata.

75 1017 176 1068 contra
192 1007 306 1068 Veliam
321 1008 424 1069 Pontia
444 1015 474 1067 et
489 1006 598 1084 Isacia,
620 1015 761 1084 utraeque
778 1024 836 1066 uno
853 1007 968 1065 nomine
987 1004 1085 1064 Oeno-

77 1090 184 1167 trides,
203 1100 400 1168 argumentum
423 1108 581 1170 possessae
602 1090 638 1149 ab
655 1087 806 1151 Oenotriis
826 1089 937 1151 ltaliae.
981 1096 1123 1149 contram

76 1173 222 1234 Vibonem
237 1193 344 1253 parvae
360 1193 435 1253 quae
450 1182 590 1234 vocantur
606 1173 769 1234 Ithacesiae
790 1173 825 1234 ab
842 1170 938 1233 Ulixis
954 1171 1085 1251 specula,

33 1265 68 1317 86
142 1255 172 1318 8.
189 1257 273 1336 (14.)
295 1257 405 1319 Verum
426 1267 493 1318 aute
516 1276 617 1318 omnes
639 1258 772 1318 claritate
792 1257 908 1335 SIcilia,
933 1256 1046 1316 Sicania
1068 1276 1085 1315 a

77 1339 244 1417 Thucydide
260 1341 346 1420 dicta,
359 1341 508 1403 Trinacria
521 1360 536 1402 a
549 1342 681 1421 pluribus
697 1351 747 1402 aut
760 1340 892 1401 Trinacia
908 1359 925 1400 a
940 1339 1085 1417 triangula

77 1429 198 1503 speeie,
216 1428 336 1487 circuitu
352 1437 473 1505 patens,
491 1436 522 1485 ut
539 1435 641 1486 auctor
659 1434 706 1486 est
721 1424 871 1504 Agrippa,
887 1422 1040 1487 DXXVIII
1054 1423 1086 1483 M

79 1527 174 1587 pass,
190 1511 331 1589 quondam
349 1511 462 1572 Bruttio
479 1528 550 1588 agro
569 1508 751 1585 cohaerens,
768 1527 837 1569 mox
853 1509 996 1568 interluso
1012 1510 1084 1566 mari
1098 1534 1122 1572 m

79 1595 179 1655 avolsa
193 1593 291 1654 XVII
310 1596 338 1653 in
354 1595 564 1673 longitudinem
578 1595 669 1668 lreto,
685 1594 715 1652 in
732 1593 910 1652 latitudinem
922 1600 1017 1652 autem
1028 1590 1085 1650 Ml)

77 1695 156 1755 pass.
175 1680 254 1738 iuxta
271 1676 438 1740 Columnam
452 1677 582 1757 Regiam.
606 1678 643 1739 ab
657 1676 714 1736 hoc
729 1676 899 1737 dehIseendi
913 1683 1086 1753 argumento

77 1759 221 1839 Rhegium
235 1761 338 1825 Graeci
351 1782 455 1824 nomen
471 1762 580 1822 dedere
598 1760 707 1841 oppido
719 1762 749 1819 in
759 1762 889 1837 margine
901 1759 1001 1819 ItalIae
1015 1761 1083 1818 sito.

35 1853 68 1904 87
79 1846 111 1905 In
129 1864 165 1905 eu
182 1848 259 1908 lreto
275 1858 322 1907 est
340 1848 477 1926 scopulus
493 1846 609 1923 Scylla,
624 1848 693 1905 item
709 1842 881 1921 Charybdis,
900 1862 978 1903 mare
998 1844 1086 1903 verti·

79 1942 196 2009 casum,
214 1931 298 1991 ambo
321 1933 398 1992 clara
418 1932 548 1990 saevitia.
585 1929 680 2008 Ipsius
702 1929 879 2006 triquetrae,
901 1937 929 1987 ut
950 1927 1085 2001 diximus,
1096 1953 1123 1992 aa

79 2017 307 2089 promunturium
322 2016 458 2075 Pelorum
473 2022 595 2073 vocatur
612 2013 751 2072 adversus
768 2010 893 2087 Scyllam
912 2029 1040 2088 vergens
1056 2013 1086 2069 in

79 2095 204 2173 ltaliam,
220 2096 385 2176 Pachynum
400 2099 429 2156 iu
446 2095 612 2172 Graeciam,
635 2092 784 2155 CCCCXL
802 2094 830 2153 M
851 2096 887 2155 ab
905 2113 942 2156 eo
958 2095 1086 2155 distante

50 2199 55 2207 ·
79 2178 301 2259 Peloponneso,
323 2181 490 2257 Lilybaeum
507 2181 536 2238 in
555 2178 683 2239 Africam
698 2176 829 2239 CLXXX
845 2176 875 2238 M
890 2178 1044 2239 intervallo
1069 2196 1086 2236 a

79 2262 205 2325 Mercuri
222 2267 423 2344 promunturio
439 2272 469 2324 et
485 2281 501 2323 a
518 2259 682 2323 Caralitano
696 2262 845 2324 Sardiniae
858 2261 935 2324 CXC
946 2261 982 2322 M.
1009 2263 1087 2321 inter

81 2364 114 2407 se
131 2359 227 2409 autem
242 2350 315 2410 haec
330 2349 529 2428 promunturia
544 2365 579 2406 ac
591 2347 685 2407 latera
704 2345 811 2408 distant
829 2347 874 2406 his
890 2349 1008 2424 spatiis:
1028 2355 1085 2405 ter·
1097 2371 1123 2411 25

80 2451 153 2495 reno
176 2436 282 2494 itinere
305 2453 321 2494 a
345 2434 453 2494 Peloro
470 2431 633 2507 Pachynum
653 2429 827 2491 CLXXXVI
849 2429 879 2490 M
899 2448 996 2509 pass,
1018 2430 1086 2489 inde

38 2515 251 2594 88bilybaenm
271 2515 319 2578 CC
334 2517 379 2593 M,
401 2517 468 2576 inde
484 2516 620 2576 Pelorum
642 2513 754 2576 CXLII.
791 2515 923 2575 coloniae
947 2514 986 2572 ibi
1006 2514 1085 2590 quin·

82 2620 155 2678 que,
173 2602 263 2662 urbes
284 2621 317 2662 ac
339 2604 473 2661 civitates
489 2599 590 2660 LXIII.
635 2598 662 2658 A
680 2598 788 2658 Peloro
810 2617 888 2658 mare
904 2596 1014 2657 Ionium
1035 2614 1087 2656 ora

83 2693 235 2762 spectante
251 2687 387 2764 oppidum
398 2683 532 2743 Messana
544 2684 648 2743 civium
658 2680 852 2742 Romanorum
863 2683 912 2760 qui
925 2680 1086 2741 Mamertini

83 2775 240 2844 vocantur,
265 2768 492 2844 promunturium
513 2766 695 2844 Drepanum,
725 2767 840 2826 colonia
866 2764 1124 2832 Tauromenium,

84 2868 156 2929 quae
173 2858 259 2910 antea
273 2848 386 2925 Naxos,
404 2848 509 2908 flumen
525 2849 650 2924 Asines,
666 2866 748 2908 mons
763 2850 858 2911 Aetna
874 2850 1022 2910 nocturnis
1038 2851 1088 2908 mi·

84 2954 133 2994 rus
148 2934 300 2994 incendiis.
318 2942 415 2994 crater
430 2934 492 2992 eius
506 2942 587 3012 patet
598 2933 705 2991 ambitu
721 2934 812 2993 stadia
824 2933 890 3008 XX,
905 2932 1003 2992 lauilla
1015 2930 1088 2991 Tau·

84 3020 249 3080 romenium
264 3025 293 3078 et
301 3015 428 3077 Catinam
444 3034 537 3094 usque
553 3018 689 3097 pervenit
704 3016 834 3093 lervena,
849 3017 951 3093 lragor
964 3034 1036 3076 vero
1053 3015 1088 3075 ad

40 3108 74 3161 89
82 3101 250 3163 Maroneum
265 3110 295 3163 et
308 3100 456 3163 Gemellos
471 3101 573 3162 colles.
595 3099 707 3178 scopuli
723 3107 787 3161 'tres
800 3098 971 3179 Cyelopum,
986 3108 1088 3178 portus

85 3185 199 3264 Ulixis,
227 3186 344 3247 colonia
365 3183 482 3262 Catina,
511 3185 625 3244 humina
647 3183 848 3263 Symaethum,
870 3183 991 3260 Terlas,
1011 3185 1126 3243 inlusos

83 3268 288 3347 Laestrygonii
306 3271 408 3349 campi.
441 3269 547 3349 oppida
565 3267 711 3344 Leontini,
725 3267 865 3346 Megaris,
883 3271 972 3327 amnis
987 3267 1089 3326 Panta-

83 3354 166 3429 gias,
184 3354 299 3413 colonia
317 3355 479 3431 Syracusae
501 3371 564 3412 cum
583 3353 665 3412 lonte
681 3351 845 3428 Arethusa,
869 3368 1037 3430 quamquam
1059 3360 1089 3410 et

83 3434 242 3497 Temenitis
255 3436 475 3498 etArchidemia
489 3445 519 3498 et
528 3434 650 3515 Magaea
662 3443 693 3495 et
700 3433 798 3512 Cyane
811 3444 841 3496 et
852 3435 979 3497 Milichie
990 3434 1090 3495 lantes
