2400 3856
370 195 498 245 ennom
513 195 592 242 tnui
608 195 814 243 PRAEFATIO.
1074 197 1099 243 V

84 357 180 428 vellet,
195 356 241 412 ille
256 356 413 412 adolescens
429 354 468 411 21
485 368 616 411 annorum
631 371 646 409 a
661 354 818 410 'lhierschio
835 354 1008 428 dignissimus
1024 352 1110 409 habi·'

86 451 133 497 tus
155 447 197 496 est
217 442 263 513 qui
284 456 316 495 eo
337 456 448 495 munere
468 439 640 512 iungeretur.
675 437 825 493 Destitutus
845 440 926 510 regiis
945 436 1097 511 sumptibus

86 524 226 580 Florentia
239 523 349 579 Romam
365 532 393 578 et
407 523 545 596 Neapolim
560 521 624 577 adiit
644 521 680 577 ibi
695 537 804 594 quoque
818 521 886 577 Plini
906 521 989 577 libros
1006 538 1096 576 manu·

87 610 206 680 scriptos
225 614 446 681 perscrutaturus
470 616 498 663 et
523 613 651 679 exparte
671 604 789 660 Vaticani
810 605 909 661 codicis
928 607 955 662 Ι)
972 605 1096 660 lectionis

87 692 295 764 discrepantiam
311 692 460 764 exscripsit.
489 689 588 746 Deinde
602 688 725 745 Lutetiae
740 705 849 761 quoque
864 688 999 744 codicibus
1015 705 1097 761 quan-

90 784 148 831 tum
162 775 209 830 illo
225 776 355 848 temporis
367 776 454 848 spatio
469 772 527 830 fieri
541 774 631 846 potuit
642 773 761 828 excussis
773 780 800 827 et
812 771 1001 827 collationibus
1014 773 1098 827 omni·

90 858 141 914 bus
156 858 263 932 Silligio
285 857 318 914 ad
338 874 461 932 magnam
481 859 539 913 eius
560 857 702 912 curandam
722 855 868 911 editionem
888 857 976 911 missis
998 855 1098 910 detexit

91 941 253 1016 bambergae
264 943 404 1016 egregium
420 941 495 996 illum
504 940 573 996 Plini
584 940 704 995 codicem
712 948 892 995 extremorum
906 955 953 994 sen
968 937 1099 993 librorum

92 1027 223 1098 optimum
244 1025 347 1081 fontem
369 1026 415 1099 qui
435 1026 521 1097 ipsum
543 1022 603 1078 libri
618 1023 731 1078 xxxvh
751 1021 832 1078 finem
853 1030 931 1079 antea
946 1039 960 1076 a
975 1030 1051 1096 patre
1070 1023 1099 1077 in

92 1109 282 1165 dissertatione
302 1108 454 1181 inaugurali
473 1109 635 1180 requisitum
657 1108 731 1163 so'lus
753 1108 883 1163 continet.
919 1105 1100 1179 Quadraginta

90 1191 189 1248 deinde
203 1209 252 1265 per
266 1209 352 1247 annos
367 1193 446 1247 horas
464 1200 491 1257 et
506 1193 648 1247 matutinas
665 1199 693 1246 et
707 1193 890 1264 vespertinas,
913 1206 979 1265 quas
995 1189 1038 1245 alii
1053 1196 1100 1244 aut

92 1292 189 1331 somno
211 1276 333 1331 tribuunt
352 1284 399 1331 aut
414 1276 560 1349 voluptati,
581 1275 709 1347 plurimas
728 1275 774 1330 ille
794 1277 943 1331 consumsit
961 1276 989 1330 in
1010 1289 1100 1328 emen·

93 1358 182 1414 dando
202 1359 289 1415 Plinio
310 1366 337 1415 et
358 1361 471 1415 marimo
490 1375 602 1414 numero
628 1358 750 1415 locorum
776 1359 979 1432 desperatorum
998 1357 1101 1412 invenit

94 1442 240 1515 medelam,
263 1450 292 1498 ut
307 1442 474 1515 Silligianum
493 1442 562 1498 illud
577 1445 642 1515 quin
662 1459 734 1499 nunc
749 1458 842 1498 omnes
863 1442 958 1498 habeat
973 1456 1101 1496 numeros

94 1527 214 1582 veritatis
230 1529 338 1583 minime
355 1526 389 1582 sit
405 1526 523 1582 dubium.

104 1627 108 1632 ·
157 1608 215 1683 Ego
231 1618 331 1684 autem,
346 1627 408 1666 cum
422 1619 531 1684 ereptus
546 1612 611 1667 mihi
626 1619 699 1666 esset
714 1618 789 1684 pater
803 1610 1002 1681 dilectissimus,
1018 1625 1101 1682 quau·

95 1710 175 1767 qnam
191 1702 268 1750 antea
282 1711 420 1767 nunquam
434 1695 491 1750 ullo
503 1695 652 1751 litterarum
666 1696 695 1750 in
707 1711 788 1767 opere
804 1710 865 1749 eum
880 1694 1030 1750 adiuveram
1045 1701 1073 1748 et
1088 1709 1103 1746 a

96 1778 300 1850 quaestionibus
315 1772 443 1834 Plinianis
458 1780 595 1834 etiamtum
611 1794 682 1834 eram
697 1779 882 1848 alienissimus,
899 1780 952 1833 iam
967 1776 1103 1833 sanctissi-

96 1878 171 1916 mum
191 1863 298 1935 pietatis
319 1878 379 1918 esse
401 1860 519 1918 officium
539 1861 664 1935 putabam
684 1868 716 1916 nt
736 1862 810 1934 quod
830 1861 959 1916 iniectum
979 1860 1026 1915 ille
1040 1859 1102 1914 reli-

97 1947 203 2018 quisset
218 1961 269 2018 ego
289 1944 454 2019 perficerem.
490 1945 614 2019 Plagulas
629 1948 720 2018 itaque
739 1945 831 2001 iudea
849 1945 888 2002 10
902 1962 917 2000 a
931 1943 1102 2018 typographo

96 2031 192 2085 missas
218 2032 337 2101 correxi,
363 2030 566 2103 explicationem
587 2031 729 2105 signorum
754 2029 873 2103 conieci,
899 2029 1104 2103 discrepantiam

96 2113 243 2169 lectionum
259 2113 331 2170 haud
345 2129 451 2187 semper
465 2116 597 2187 scriptura
609 2117 672 2171 satis
687 2113 811 2170 distincta
822 2131 975 2189 expressam
991 2114 1105 2187 diligen·

96 2205 141 2252 ter
155 2198 288 2270 recensui,
303 2214 386 2271 pauca
402 2197 537 2254 interdum
552 2201 655 2256 uncinis
671 2200 751 2254 rectis
771 2199 874 2254 inclusa
889 2199 986 2269 addidi,
1002 2197 1106 2253 Riccar-

98 2282 189 2336 dianas
213 2283 371 2355 praesertim
398 2289 425 2337 et
446 2282 581 2338 Vaticanus
608 2283 738 2338 lectiones
766 2300 826 2338 cum
848 2282 984 2338 schedulis
1008 2280 1107 2336 llresda

98 2364 297 2438 Landsbergam
312 2367 446 2421 arcessitis
466 2368 564 2421 iterum
579 2367 682 2422 contuli
698 2373 725 2421 et
741 2368 939 2421 accuratissime
953 2367 1107 2437 imprimen-

99 2449 146 2503 das
170 2450 267 2506 curavi.
314 2443 345 2505 Si
369 2455 459 2505 tamen
483 2450 547 2523 quid
572 2452 691 2506 invenias
715 2452 802 2504 minus
828 2455 901 2504 recte
927 2448 1106 2518 observatum,

99 2534 202 2588 veniam
218 2548 318 2605 quaeso
339 2532 436 2588 habeas
458 2534 523 2589 mihi
537 2534 661 2590 luctuosa
683 2533 832 2589 calamitate
847 2532 880 2587 ad
895 2532 947 2587 hoc
962 2532 1108 2603 suscipien-

100 2616 165 2671 dum
177 2633 246 2689 opus
258 2624 362 2672 vocato.
388 2615 518 2690 Equidem
530 2618 717 2673 hutenriethio
728 2616 886 2690 lirlangensi
898 2617 944 2689 qui
956 2624 983 2671 et
995 2614 1107 2671 consilio

100 2707 129 2755 et
143 2700 215 2755 lacto
230 2700 354 2756 omnibus
373 2702 401 2756 in
416 2701 496 2757 rebus
511 2703 667 2757 amicissime
683 2717 713 2757 ac
733 2702 934 2774 promptissime
949 2716 991 2755 me
1006 2692 1109 2754 adiuvit

99 2786 157 2857 pias
173 2792 200 2840 et
215 2784 299 2839 habeo
315 2792 343 2840 et
357 2802 409 2859 ago
425 2787 533 2859 gratias.

166 2866 390 2941 orthographiam
406 2871 505 2924 sicum
520 2872 611 2942 priore
627 2870 746 2926 editione
762 2871 972 2943 comparaveris,
988 2867 1109 2940 complu·

100 2951 177 3008 ribus
197 2953 225 3006 in
245 2951 326 3008 rebus
346 2954 467 3008 invenies
488 2962 625 3009 mutatam.
662 2953 770 3009 Formas
792 2961 902 3027 quartae
923 2952 1109 3008 declinationis

100 3038 129 3091 in
144 3040 181 3092 ais
195 3044 324 3092 exeuntes
340 3053 412 3092 nunc
427 3036 496 3092 binis
512 3038 609 3094 litteris
619 3058 639 3095 u
650 3037 731 3094 habes
747 3040 871 3111 scriptas,
887 3039 956 3092 sicut
971 3038 997 3090 in
1011 3033 1110 3089 codici·

100 3120 152 3175 bus
167 3118 201 3175 M
215 3126 242 3173 et
257 3120 286 3174 B
300 3136 380 3192 saepe
402 3122 480 3176 etiam
495 3123 522 3176 in
538 3122 595 3178 Ra
609 3125 700 3196 priore
716 3139 795 3177 manu
816 3124 929 3194 scriptae
945 3135 1004 3174 esse
1020 3118 1110 3174 solent

101 3205 141 3277 (p.
157 3203 188 3274 9,
205 3201 245 3257 24
256 3221 279 3261 s.
300 3220 393 3260 errore
408 3202 461 3261 h'oc
475 3206 581 3262 videtur
596 3224 656 3263 esse
672 3204 819 3275 omissum).
849 3204 949 3259 Littera
964 3204 982 3257 Ιι
998 3211 1061 3275 post
1076 3222 1111 3258 rr

99 3289 128 3344 in
140 3288 177 3344 M
183 3302 289 3361 semper
303 3290 394 3361 posita
408 3299 440 3346 ut
454 3292 481 3346 in
497 3293 592 3347 ceteris
605 3289 782 3347 voluminibus
798 3290 834 3343 ita
849 3287 901 3343 hoc
917 3302 1024 3360 quoque
1039 3304 1111 3343 nunc

99 3380 144 3429 est
158 3372 295 3433 restituta.
332 3371 417 3430 Etiam
440 3375 539 3430 lormas
560 3378 726 3430 aestimare
742 3380 770 3427 et
784 3375 961 3428 existimare
982 3373 1033 3425 iam
1048 3371 1111 3426 inde

98 3456 133 3513 ab
148 3456 237 3513 altero
253 3457 388 3515 volumine
402 3467 480 3533 pater
493 3467 643 3533 receperat,
658 3456 748 3514 sedin
764 3454 932 3530 superlativis
948 3465 975 3512 et
990 3470 1112 3510 numera-
