<?xml version="1.0" encoding="UTF-8"?>
<!DOCTYPE html PUBLIC "-//W3C//DTD XHTML 1.0 Transitional//EN"
    "http://www.w3.org/TR/xhtml1/DTD/xhtml1-transitional.dtd">
<html xmlns="http://www.w3.org/1999/xhtml" xml:lang="en" lang="en">
 <head>
  <title>
</title>
<meta http-equiv="Content-Type" content="text/html;charset=utf-8" />
  <meta name='ocr-system' content='tesseract 3.04.00' />
  <meta name='ocr-capabilities' content='ocr_page ocr_carea ocr_par ocr_line ocrx_word'/>
</head>
<body>
  <div class='ocr_page' id='page_1' title='image "./cplinisecundina07plingoog_0327.png"; bbox 0 0 2400 3856; ppageno 0'>
   <div class='ocr_carea' id='block_1_1' title="bbox 135 156 799 219">
    <p class='ocr_par' dir='ltr' id='par_1_1' title="bbox 135 156 799 219">
     <span class='ocr_line' id='line_1_1' title="bbox 135 156 799 219; baseline -0.003 0"><span class='ocrx_word' id='word_1_1' title='bbox 135 156 200 219; x_wconf 74' lang='lat' dir='ltr'><strong>ato</strong></span> <span class='ocrx_word' id='word_1_2' title='bbox 486 171 518 218; x_wconf 87' lang='lat' dir='ltr'><strong>c.</strong></span> <span class='ocrx_word' id='word_1_3' title='bbox 536 172 633 218; x_wconf 78' lang='lat' dir='ltr'><strong>rnrsr</strong></span> <span class='ocrx_word' id='word_1_4' title='bbox 649 170 799 217; x_wconf 73' lang='lat' dir='ltr'><strong>sacrum</strong></span> 
     </span>
    </p>
   </div>
   <div class='ocr_carea' id='block_1_2' title="bbox 40 323 1189 3508">
    <p class='ocr_par' dir='ltr' id='par_1_2' title="bbox 137 323 1151 470">
     <span class='ocr_line' id='line_1_2' title="bbox 137 323 1151 405; baseline -0.001 -18"><span class='ocrx_word' id='word_1_5' title='bbox 137 328 222 403; x_wconf 90' lang='lat' dir='ltr'><strong>regio</strong></span> <span class='ocrx_word' id='word_1_6' title='bbox 256 325 375 386; x_wconf 82' lang='lat' dir='ltr'><strong>Nisiaea</strong></span> <span class='ocrx_word' id='word_1_7' title='bbox 401 323 583 401; x_wconf 85' lang='lat' dir='ltr'><strong>Parthyenes</strong></span> <span class='ocrx_word' id='word_1_8' title='bbox 616 325 741 403; x_wconf 89' lang='lat' dir='ltr'><strong>nobilis,</strong></span> <span class='ocrx_word' id='word_1_9' title='bbox 773 324 822 384; x_wconf 92' lang='lat' dir='ltr'><strong>ubi</strong></span> <span class='ocrx_word' id='word_1_10' title='bbox 854 325 1105 405; x_wconf 78' lang='lat' dir='ltr'><strong>Alexandropolis</strong></span> <span class='ocrx_word' id='word_1_11' title='bbox 1135 343 1151 385; x_wconf 87' lang='lat' dir='ltr'><strong>a</strong></span> 
     </span>
     <span class='ocr_line' id='line_1_3' title="bbox 137 410 299 470; baseline -0.006 0"><span class='ocrx_word' id='word_1_12' title='bbox 137 410 299 470; x_wconf 91' lang='lat' dir='ltr'><strong>conditore.</strong></span> 
     </span>
    </p>

    <p class='ocr_par' dir='ltr' id='par_1_3' title="bbox 89 491 1179 989">
     <span class='ocr_line' id='line_1_4' title="bbox 89 491 1153 570; baseline -0.005 -13"><span class='ocrx_word' id='word_1_13' title='bbox 89 506 139 557; x_wconf 84' lang='lat'><strong>114</strong></span> <span class='ocrx_word' id='word_1_14' title='bbox 212 491 262 555; x_wconf 82' lang='lat'><strong>26.</strong></span> <span class='ocrx_word' id='word_1_15' title='bbox 291 492 497 554; x_wconf 82' lang='lat' dir='ltr'><strong>Necessarium</strong></span> <span class='ocrx_word' id='word_1_16' title='bbox 524 503 571 554; x_wconf 92' lang='lat' dir='ltr'><strong>est</strong></span> <span class='ocrx_word' id='word_1_17' title='bbox 594 493 696 554; x_wconf 92' lang='lat' dir='ltr'><strong>hocin</strong></span> <span class='ocrx_word' id='word_1_18' title='bbox 715 492 783 553; x_wconf 89' lang='lat' dir='ltr'><strong>loco</strong></span> <span class='ocrx_word' id='word_1_19' title='bbox 807 495 925 570; x_wconf 89' lang='lat' dir='ltr'><strong>signare</strong></span> <span class='ocrx_word' id='word_1_20' title='bbox 955 502 984 553; x_wconf 90' lang='lat' dir='ltr'><strong>et</strong></span> <span class='ocrx_word' id='word_1_21' title='bbox 1000 492 1153 553; x_wconf 77' lang='lat' dir='ltr'><strong>Medorum</strong></span> 
     </span>
     <span class='ocr_line' id='line_1_5' title="bbox 139 576 1153 656; baseline -0.001 -18"><span class='ocrx_word' id='word_1_22' title='bbox 139 581 224 639; x_wconf 86' lang='lat' dir='ltr'><strong>situm</strong></span> <span class='ocrx_word' id='word_1_23' title='bbox 252 588 450 656; x_wconf 87' lang='lat' dir='ltr'><strong>terrarumque</strong></span> <span class='ocrx_word' id='word_1_24' title='bbox 481 580 584 638; x_wconf 89' lang='lat' dir='ltr'><strong>laniem</strong></span> <span class='ocrx_word' id='word_1_25' title='bbox 605 580 803 654; x_wconf 79' lang='lat' dir='ltr'><strong>circumagere</strong></span> <span class='ocrx_word' id='word_1_26' title='bbox 826 577 862 638; x_wconf 85' lang='lat' dir='ltr'><strong>ad</strong></span> <span class='ocrx_word' id='word_1_27' title='bbox 888 576 1039 637; x_wconf 88' lang='lat' dir='ltr'><strong>Persicum</strong></span> <span class='ocrx_word' id='word_1_28' title='bbox 1062 595 1153 654; x_wconf 88' lang='lat' dir='ltr'><strong>mare,</strong></span> 
     </span>
     <span class='ocr_line' id='line_1_6' title="bbox 139 660 1179 740; baseline -0.005 -20"><span class='ocrx_word' id='word_1_29' title='bbox 139 680 197 740; x_wconf 88' lang='lat' dir='ltr'><strong>quo</strong></span> <span class='ocrx_word' id='word_1_30' title='bbox 215 662 329 722; x_wconf 78' lang='lat' dir='ltr'><strong>facilius</strong></span> <span class='ocrx_word' id='word_1_31' title='bbox 346 661 414 721; x_wconf 91' lang='lat' dir='ltr'><strong>dein</strong></span> <span class='ocrx_word' id='word_1_32' title='bbox 429 662 540 740; x_wconf 87' lang='lat' dir='ltr'><strong>reliqua</strong></span> <span class='ocrx_word' id='word_1_33' title='bbox 558 670 724 722; x_wconf 88' lang='lat' dir='ltr'><strong>noscantur.</strong></span> <span class='ocrx_word' id='word_1_34' title='bbox 745 679 866 738; x_wconf 87' lang='lat' dir='ltr'><strong>namque</strong></span> <span class='ocrx_word' id='word_1_35' title='bbox 877 660 972 721; x_wconf 86' lang='lat' dir='ltr'><strong>bledla</strong></span> <span class='ocrx_word' id='word_1_36' title='bbox 990 662 1027 720; x_wconf 90' lang='lat' dir='ltr'><strong>ab</strong></span> <span class='ocrx_word' id='word_1_37' title='bbox 1045 676 1179 721; x_wconf 77' lang='lat' dir='ltr'><strong>occasus</strong></span> 
     </span>
     <span class='ocr_line' id='line_1_7' title="bbox 140 745 1153 824; baseline -0.002 -18"><span class='ocrx_word' id='word_1_38' title='bbox 140 756 307 806; x_wconf 85' lang='lat' dir='ltr'><strong>transversa</strong></span> <span class='ocrx_word' id='word_1_39' title='bbox 327 745 444 824; x_wconf 90' lang='lat' dir='ltr'><strong>obliqua</strong></span> <span class='ocrx_word' id='word_1_40' title='bbox 470 746 605 807; x_wconf 81' lang='lat' dir='ltr'><strong>Parthiae</strong></span> <span class='ocrx_word' id='word_1_41' title='bbox 628 762 787 804; x_wconf 88' lang='lat' dir='ltr'><strong>occurrens</strong></span> <span class='ocrx_word' id='word_1_42' title='bbox 809 753 933 822; x_wconf 90' lang='lat' dir='ltr'><strong>utraque</strong></span> <span class='ocrx_word' id='word_1_43' title='bbox 956 762 1048 822; x_wconf 89' lang='lat' dir='ltr'><strong>regna</strong></span> <span class='ocrx_word' id='word_1_44' title='bbox 1069 763 1153 824; x_wconf 89' lang='lat' dir='ltr'><strong>prae·</strong></span> 
     </span>
     <span class='ocr_line' id='line_1_8' title="bbox 139 826 1153 908; baseline -0.003 -18"><span class='ocrx_word' id='word_1_45' title='bbox 139 830 239 890; x_wconf 88' lang='lat' dir='ltr'><strong>cludit.</strong></span> <span class='ocrx_word' id='word_1_46' title='bbox 272 829 367 889; x_wconf 91' lang='lat' dir='ltr'><strong>Habet</strong></span> <span class='ocrx_word' id='word_1_47' title='bbox 383 849 456 906; x_wconf 89' lang='lat' dir='ltr'><strong>ergo</strong></span> <span class='ocrx_word' id='word_1_48' title='bbox 472 832 535 908; x_wconf 91' lang='lat' dir='ltr'><strong>ipsa</strong></span> <span class='ocrx_word' id='word_1_49' title='bbox 552 830 587 889; x_wconf 93' lang='lat' dir='ltr'><strong>ab</strong></span> <span class='ocrx_word' id='word_1_50' title='bbox 604 837 668 888; x_wconf 91' lang='lat' dir='ltr'><strong>ortu</strong></span> <span class='ocrx_word' id='word_1_51' title='bbox 686 826 809 907; x_wconf 89' lang='lat' dir='ltr'><strong>Caspios</strong></span> <span class='ocrx_word' id='word_1_52' title='bbox 829 838 859 888; x_wconf 91' lang='lat' dir='ltr'><strong>et</strong></span> <span class='ocrx_word' id='word_1_53' title='bbox 875 828 1019 903; x_wconf 92' lang='lat' dir='ltr'><strong>Parthos,</strong></span> <span class='ocrx_word' id='word_1_54' title='bbox 1034 846 1052 888; x_wconf 92' lang='lat' dir='ltr'><strong>a</strong></span> <span class='ocrx_word' id='word_1_55' title='bbox 1067 830 1153 888; x_wconf 88' lang='lat' dir='ltr'><strong>meri·</strong></span> 
     </span>
     <span class='ocr_line' id='line_1_9' title="bbox 140 911 1154 989; baseline -0.003 -15"><span class='ocrx_word' id='word_1_56' title='bbox 140 914 187 974; x_wconf 87' lang='lat' dir='ltr'><strong>die</strong></span> <span class='ocrx_word' id='word_1_57' title='bbox 205 914 373 974; x_wconf 73' lang='lat' dir='ltr'><strong>Sittacenen</strong></span> <span class='ocrx_word' id='word_1_58' title='bbox 388 923 417 973; x_wconf 90' lang='lat' dir='ltr'><strong>et</strong></span> <span class='ocrx_word' id='word_1_59' title='bbox 433 915 575 974; x_wconf 88' lang='lat' dir='ltr'><strong>Susianen</strong></span> <span class='ocrx_word' id='word_1_60' title='bbox 590 922 620 973; x_wconf 89' lang='lat' dir='ltr'><strong>et</strong></span> <span class='ocrx_word' id='word_1_61' title='bbox 634 911 771 988; x_wconf 85' lang='lat' dir='ltr'><strong>Persida,</strong></span> <span class='ocrx_word' id='word_1_62' title='bbox 793 913 829 972; x_wconf 89' lang='lat' dir='ltr'><strong>ab</strong></span> <span class='ocrx_word' id='word_1_63' title='bbox 847 930 952 973; x_wconf 91' lang='lat' dir='ltr'><strong>occasu</strong></span> <span class='ocrx_word' id='word_1_64' title='bbox 966 912 1154 989; x_wconf 79' lang='lat' dir='ltr'><strong>Adiabenen,</strong></span> 
     </span>
    </p>

    <p class='ocr_par' dir='ltr' id='par_1_4' title="bbox 89 995 1188 1494">
     <span class='ocr_line' id='line_1_10' title="bbox 89 995 1155 1077; baseline -0.004 -18"><span class='ocrx_word' id='word_1_65' title='bbox 89 1008 168 1059; x_wconf 85' lang='grc'><strong>11111</strong></span> <span class='ocrx_word' id='word_1_66' title='bbox 186 1001 391 1077; x_wconf 81' lang='lat' dir='ltr'><strong>septentrione</strong></span> <span class='ocrx_word' id='word_1_67' title='bbox 409 997 583 1056; x_wconf 77' lang='lat' dir='ltr'><strong>Armeniam.</strong></span> <span class='ocrx_word' id='word_1_68' title='bbox 617 997 725 1056; x_wconf 87' lang='lat' dir='ltr'><strong>Persae</strong></span> <span class='ocrx_word' id='word_1_69' title='bbox 743 995 872 1056; x_wconf 87' lang='lat' dir='ltr'><strong>Rubrum</strong></span> <span class='ocrx_word' id='word_1_70' title='bbox 881 1014 959 1056; x_wconf 90' lang='lat' dir='ltr'><strong>mare</strong></span> <span class='ocrx_word' id='word_1_71' title='bbox 975 1013 1094 1074; x_wconf 85' lang='lat' dir='ltr'><strong>semper</strong></span> <span class='ocrx_word' id='word_1_72' title='bbox 1110 1014 1155 1056; x_wconf 89' lang='lat' dir='ltr'><strong>ac·</strong></span> 
     </span>
     <span class='ocr_line' id='line_1_11' title="bbox 140 1078 1188 1159; baseline -0.009 -16"><span class='ocrx_word' id='word_1_73' title='bbox 140 1083 281 1157; x_wconf 86' lang='lat' dir='ltr'><strong>coluere,</strong></span> <span class='ocrx_word' id='word_1_74' title='bbox 300 1080 519 1159; x_wconf 85' lang='lat' dir='ltr'><strong>propterquod</strong></span> <span class='ocrx_word' id='word_1_75' title='bbox 540 1083 565 1139; x_wconf 91' lang='lat' dir='ltr'><strong>is</strong></span> <span class='ocrx_word' id='word_1_76' title='bbox 587 1083 666 1140; x_wconf 89' lang='lat' dir='ltr'><strong>sinus</strong></span> <span class='ocrx_word' id='word_1_77' title='bbox 682 1078 817 1140; x_wconf 89' lang='lat' dir='ltr'><strong>Persicus</strong></span> <span class='ocrx_word' id='word_1_78' title='bbox 839 1089 968 1140; x_wconf 84' lang='grc'><strong>11111111.</strong></span> <span class='ocrx_word' id='word_1_79' title='bbox 1003 1081 1092 1156; x_wconf 88' lang='lat' dir='ltr'><strong>regio</strong></span> <span class='ocrx_word' id='word_1_80' title='bbox 1114 1080 1153 1139; x_wconf 92' lang='lat' dir='ltr'><strong>ibi</strong></span> <span class='ocrx_word' id='word_1_81' title='bbox 1166 1097 1188 1135; x_wconf 89' lang='grc'><strong>11</strong></span> 
     </span>
     <span class='ocr_line' id='line_1_12' title="bbox 140 1160 1167 1242; baseline -0.002 -17"><span class='ocrx_word' id='word_1_82' title='bbox 140 1167 281 1225; x_wconf 88' lang='lat' dir='ltr'><strong>maritima</strong></span> <span class='ocrx_word' id='word_1_83' title='bbox 306 1163 487 1239; x_wconf 74' lang='lat' dir='ltr'><strong>cambonio,</strong></span> <span class='ocrx_word' id='word_1_84' title='bbox 513 1182 568 1242; x_wconf 89' lang='lat' dir='ltr'><strong>qua</strong></span> <span class='ocrx_word' id='word_1_85' title='bbox 583 1182 656 1223; x_wconf 90' lang='lat' dir='ltr'><strong>vero</strong></span> <span class='ocrx_word' id='word_1_86' title='bbox 675 1165 738 1241; x_wconf 90' lang='lat' dir='ltr'><strong>ipsa</strong></span> <span class='ocrx_word' id='word_1_87' title='bbox 759 1165 836 1223; x_wconf 91' lang='lat' dir='ltr'><strong>subit</strong></span> <span class='ocrx_word' id='word_1_88' title='bbox 856 1165 892 1224; x_wconf 93' lang='lat' dir='ltr'><strong>ad</strong></span> <span class='ocrx_word' id='word_1_89' title='bbox 913 1163 1017 1224; x_wconf 83' lang='lat' dir='ltr'><strong>bledos</strong></span> <span class='ocrx_word' id='word_1_90' title='bbox 1040 1160 1167 1223; x_wconf 72' lang='lat' dir='ltr'><strong>climax</strong></span> 
     </span>
     <span class='ocr_line' id='line_1_13' title="bbox 139 1247 1153 1327; baseline -0.002 -18"><span class='ocrx_word' id='word_1_91' title='bbox 139 1248 258 1324; x_wconf 82' lang='lat' dir='ltr'><strong>Negale</strong></span> <span class='ocrx_word' id='word_1_92' title='bbox 281 1248 443 1327; x_wconf 90' lang='lat' dir='ltr'><strong>appellatur</strong></span> <span class='ocrx_word' id='word_1_93' title='bbox 464 1248 547 1306; x_wconf 89' lang='lat' dir='ltr'><strong>locus</strong></span> <span class='ocrx_word' id='word_1_94' title='bbox 570 1248 659 1307; x_wconf 90' lang='lat' dir='ltr'><strong>arduo</strong></span> <span class='ocrx_word' id='word_1_95' title='bbox 682 1249 788 1307; x_wconf 92' lang='lat' dir='ltr'><strong>montis</strong></span> <span class='ocrx_word' id='word_1_96' title='bbox 804 1266 927 1307; x_wconf 91' lang='lat' dir='ltr'><strong>ascensu</strong></span> <span class='ocrx_word' id='word_1_97' title='bbox 946 1266 1000 1326; x_wconf 89' lang='lat' dir='ltr'><strong>per</strong></span> <span class='ocrx_word' id='word_1_98' title='bbox 1012 1247 1153 1324; x_wconf 87' lang='lat' dir='ltr'><strong>graduus,</strong></span> 
     </span>
     <span class='ocr_line' id='line_1_14' title="bbox 140 1329 1155 1410; baseline -0.001 -19"><span class='ocrx_word' id='word_1_99' title='bbox 140 1334 263 1392; x_wconf 90' lang='lat' dir='ltr'><strong>introitu</strong></span> <span class='ocrx_word' id='word_1_100' title='bbox 278 1341 414 1410; x_wconf 89' lang='lat' dir='ltr'><strong>angusto,</strong></span> <span class='ocrx_word' id='word_1_101' title='bbox 430 1332 464 1392; x_wconf 89' lang='lat' dir='ltr'><strong>ad</strong></span> <span class='ocrx_word' id='word_1_102' title='bbox 482 1331 663 1409; x_wconf 85' lang='lat' dir='ltr'><strong>Persepolim</strong></span> <span class='ocrx_word' id='word_1_103' title='bbox 679 1341 764 1410; x_wconf 90' lang='lat' dir='ltr'><strong>caput</strong></span> <span class='ocrx_word' id='word_1_104' title='bbox 779 1334 861 1409; x_wconf 90' lang='lat' dir='ltr'><strong>regni</strong></span> <span class='ocrx_word' id='word_1_105' title='bbox 877 1333 999 1391; x_wconf 84' lang='lat' dir='ltr'><strong>dirutum</strong></span> <span class='ocrx_word' id='word_1_106' title='bbox 1013 1331 1049 1390; x_wconf 87' lang='lat' dir='ltr'><strong>ab</strong></span> <span class='ocrx_word' id='word_1_107' title='bbox 1062 1329 1155 1392; x_wconf 85' lang='lat' dir='ltr'><strong>Alex-</strong></span> 
     </span>
     <span class='ocr_line' id='line_1_15' title="bbox 141 1413 1153 1494; baseline -0.002 -18"><span class='ocrx_word' id='word_1_108' title='bbox 141 1415 239 1476; x_wconf 91' lang='lat' dir='ltr'><strong>andro.</strong></span> <span class='ocrx_word' id='word_1_109' title='bbox 282 1425 438 1494; x_wconf 88' lang='lat' dir='ltr'><strong>praeterea</strong></span> <span class='ocrx_word' id='word_1_110' title='bbox 462 1416 550 1475; x_wconf 90' lang='lat' dir='ltr'><strong>habet</strong></span> <span class='ocrx_word' id='word_1_111' title='bbox 575 1418 603 1474; x_wconf 94' lang='lat' dir='ltr'><strong>in</strong></span> <span class='ocrx_word' id='word_1_112' title='bbox 630 1417 769 1475; x_wconf 86' lang='lat' dir='ltr'><strong>extremis</strong></span> <span class='ocrx_word' id='word_1_113' title='bbox 795 1417 899 1475; x_wconf 89' lang='lat' dir='ltr'><strong>linibus</strong></span> <span class='ocrx_word' id='word_1_114' title='bbox 919 1413 1095 1475; x_wconf 84' lang='lat' dir='ltr'><strong>Laodiceam</strong></span> <span class='ocrx_word' id='word_1_115' title='bbox 1117 1414 1153 1474; x_wconf 90' lang='lat' dir='ltr'><strong>ab</strong></span> 
     </span>
    </p>

    <p class='ocr_par' dir='ltr' id='par_1_5' title="bbox 88 1497 1189 1915">
     <span class='ocr_line' id='line_1_16' title="bbox 88 1497 1189 1578; baseline -0.008 -14"><span class='ocrx_word' id='word_1_116' title='bbox 88 1508 141 1564; x_wconf 77' lang='lat' dir='ltr'><strong>tto</strong></span> <span class='ocrx_word' id='word_1_117' title='bbox 152 1500 298 1560; x_wconf 86' lang='lat' dir='ltr'><strong>Antiocho</strong></span> <span class='ocrx_word' id='word_1_118' title='bbox 315 1501 464 1560; x_wconf 89' lang='lat' dir='ltr'><strong>conditam.</strong></span> <span class='ocrx_word' id='word_1_119' title='bbox 497 1499 567 1558; x_wconf 95' lang='lat' dir='ltr'><strong>lnde</strong></span> <span class='ocrx_word' id='word_1_120' title='bbox 582 1500 617 1559; x_wconf 91' lang='lat' dir='ltr'><strong>ad</strong></span> <span class='ocrx_word' id='word_1_121' title='bbox 633 1500 774 1558; x_wconf 90' lang='lat' dir='ltr'><strong>orientem</strong></span> <span class='ocrx_word' id='word_1_122' title='bbox 790 1497 868 1577; x_wconf 89' lang='lat' dir='ltr'><strong>blagi</strong></span> <span class='ocrx_word' id='word_1_123' title='bbox 885 1501 1019 1578; x_wconf 91' lang='lat' dir='ltr'><strong>optinent</strong></span> <span class='ocrx_word' id='word_1_124' title='bbox 1034 1497 1154 1559; x_wconf 86' lang='lat' dir='ltr'><strong>Frasar·</strong></span> <span class='ocrx_word' id='word_1_125' title='bbox 1166 1516 1189 1555; x_wconf 81' lang='grc'><strong>11</strong></span> 
     </span>
     <span class='ocr_line' id='line_1_17' title="bbox 141 1581 1154 1662; baseline -0.002 -18"><span class='ocrx_word' id='word_1_126' title='bbox 141 1585 208 1662; x_wconf 90' lang='lat' dir='ltr'><strong>gida</strong></span> <span class='ocrx_word' id='word_1_127' title='bbox 223 1585 390 1662; x_wconf 90' lang='lat' dir='ltr'><strong>castellum,</strong></span> <span class='ocrx_word' id='word_1_128' title='bbox 407 1587 436 1644; x_wconf 93' lang='lat' dir='ltr'><strong>in</strong></span> <span class='ocrx_word' id='word_1_129' title='bbox 456 1602 513 1662; x_wconf 89' lang='lat' dir='ltr'><strong>quo</strong></span> <span class='ocrx_word' id='word_1_130' title='bbox 532 1581 600 1659; x_wconf 89' lang='lat' dir='ltr'><strong>Cyri</strong></span> <span class='ocrx_word' id='word_1_131' title='bbox 616 1582 799 1659; x_wconf 86' lang='lat' dir='ltr'><strong>sepulchrum</strong></span> <span class='ocrx_word' id='word_1_132' title='bbox 815 1593 878 1661; x_wconf 92' lang='lat' dir='ltr'><strong>est,</strong></span> <span class='ocrx_word' id='word_1_133' title='bbox 894 1582 1042 1643; x_wconf 89' lang='lat' dir='ltr'><strong>ethorum</strong></span> <span class='ocrx_word' id='word_1_134' title='bbox 1059 1581 1154 1642; x_wconf 91' lang='lat' dir='ltr'><strong>Ecba·</strong></span> 
     </span>
     <span class='ocr_line' id='line_1_18' title="bbox 142 1665 1154 1747; baseline -0.001 -20"><span class='ocrx_word' id='word_1_135' title='bbox 142 1678 207 1729; x_wconf 90' lang='lat' dir='ltr'><strong>tana</strong></span> <span class='ocrx_word' id='word_1_136' title='bbox 233 1669 367 1747; x_wconf 91' lang='lat' dir='ltr'><strong>oppidum</strong></span> <span class='ocrx_word' id='word_1_137' title='bbox 391 1667 557 1727; x_wconf 90' lang='lat' dir='ltr'><strong>translatum</strong></span> <span class='ocrx_word' id='word_1_138' title='bbox 582 1668 617 1726; x_wconf 91' lang='lat' dir='ltr'><strong>ab</strong></span> <span class='ocrx_word' id='word_1_139' title='bbox 640 1665 729 1726; x_wconf 88' lang='lat' dir='ltr'><strong>Dario</strong></span> <span class='ocrx_word' id='word_1_140' title='bbox 756 1685 830 1744; x_wconf 90' lang='lat' dir='ltr'><strong>rege</strong></span> <span class='ocrx_word' id='word_1_141' title='bbox 851 1668 886 1727; x_wconf 88' lang='lat' dir='ltr'><strong>ad</strong></span> <span class='ocrx_word' id='word_1_142' title='bbox 908 1675 1033 1728; x_wconf 88' lang='lat' dir='ltr'><strong>montes.</strong></span> <span class='ocrx_word' id='word_1_143' title='bbox 1071 1665 1154 1726; x_wconf 87' lang='lat' dir='ltr'><strong>Inter</strong></span> 
     </span>
     <span class='ocr_line' id='line_1_19' title="bbox 141 1748 1154 1828; baseline -0.004 -16"><span class='ocrx_word' id='word_1_144' title='bbox 141 1752 265 1812; x_wconf 91' lang='lat' dir='ltr'><strong>Parthos</strong></span> <span class='ocrx_word' id='word_1_145' title='bbox 282 1761 312 1811; x_wconf 86' lang='lat' dir='ltr'><strong>at</strong></span> <span class='ocrx_word' id='word_1_146' title='bbox 330 1753 457 1811; x_wconf 90' lang='lat' dir='ltr'><strong>Arianos</strong></span> <span class='ocrx_word' id='word_1_147' title='bbox 473 1760 629 1810; x_wconf 91' lang='lat' dir='ltr'><strong>excurrunt</strong></span> <span class='ocrx_word' id='word_1_148' title='bbox 641 1748 836 1810; x_wconf 85' lang='lat' dir='ltr'><strong>Paraetaceni.</strong></span> <span class='ocrx_word' id='word_1_149' title='bbox 867 1750 912 1809; x_wconf 92' lang='lat' dir='ltr'><strong>his</strong></span> <span class='ocrx_word' id='word_1_150' title='bbox 931 1750 1105 1828; x_wconf 89' lang='lat' dir='ltr'><strong>agentibus</strong></span> <span class='ocrx_word' id='word_1_151' title='bbox 1124 1757 1154 1810; x_wconf 92' lang='lat' dir='ltr'><strong>et</strong></span> 
     </span>
     <span class='ocr_line' id='line_1_20' title="bbox 141 1832 1166 1915; baseline -0.002 -20"><span class='ocrx_word' id='word_1_152' title='bbox 141 1835 291 1915; x_wconf 86' lang='lat' dir='ltr'><strong>Euphrate</strong></span> <span class='ocrx_word' id='word_1_153' title='bbox 304 1837 444 1895; x_wconf 82' lang='lat' dir='ltr'><strong>inferiora</strong></span> <span class='ocrx_word' id='word_1_154' title='bbox 456 1853 548 1911; x_wconf 87' lang='lat' dir='ltr'><strong>regna</strong></span> <span class='ocrx_word' id='word_1_155' title='bbox 564 1834 753 1894; x_wconf 90' lang='lat' dir='ltr'><strong>includuntur.</strong></span> <span class='ocrx_word' id='word_1_156' title='bbox 780 1833 904 1912; x_wconf 85' lang='lat' dir='ltr'><strong>Reliqua</strong></span> <span class='ocrx_word' id='word_1_157' title='bbox 919 1833 1047 1895; x_wconf 90' lang='lat' dir='ltr'><strong>dicemus</strong></span> <span class='ocrx_word' id='word_1_158' title='bbox 1063 1832 1166 1894; x_wconf 84' lang='lat' dir='ltr'><strong>able·-</strong></span> 
     </span>
    </p>

    <p class='ocr_par' dir='ltr' id='par_1_6' title="bbox 90 1917 1186 2065">
     <span class='ocr_line' id='line_1_21' title="bbox 90 1917 1186 2021; baseline -0.005 -42"><span class='ocrx_word' id='word_1_159' title='bbox 90 1935 134 2021; x_wconf 40' lang='grc' dir='ltr'><strong>»ᾗ</strong></span> <span class='ocrx_word' id='word_1_160' title='bbox 143 1923 305 1998; x_wconf 90' lang='lat' dir='ltr'><strong>sopotamia</strong></span> <span class='ocrx_word' id='word_1_161' title='bbox 318 1928 445 1999; x_wconf 87' lang='lat' dir='ltr'><strong>excepto</strong></span> <span class='ocrx_word' id='word_1_162' title='bbox 457 1936 596 1978; x_wconf 90' lang='lat' dir='ltr'><strong>mucrone</strong></span> <span class='ocrx_word' id='word_1_163' title='bbox 610 1920 672 1978; x_wconf 91' lang='lat' dir='ltr'><strong>eius</strong></span> <span class='ocrx_word' id='word_1_164' title='bbox 681 1917 868 1996; x_wconf 90' lang='lat' dir='ltr'><strong>Arabumque</strong></span> <span class='ocrx_word' id='word_1_165' title='bbox 881 1917 998 1997; x_wconf 90' lang='lat' dir='ltr'><strong>populis</strong></span> <span class='ocrx_word' id='word_1_166' title='bbox 1010 1920 1040 1977; x_wconf 93' lang='lat' dir='ltr'><strong>in</strong></span> <span class='ocrx_word' id='word_1_167' title='bbox 1052 1918 1154 1997; x_wconf 85' lang='lat' dir='ltr'><strong>priora</strong></span> <span class='ocrx_word' id='word_1_168' title='bbox 1164 1934 1186 1974; x_wconf 84' lang='grc'><strong>11</strong></span> 
     </span>
     <span class='ocr_line' id='line_1_22' title="bbox 125 2002 394 2065; baseline 0.007 -2"><span class='ocrx_word' id='word_1_169' title='bbox 125 2002 130 2010; x_wconf 82' lang='grc'><strong>’</strong></span> <span class='ocrx_word' id='word_1_170' title='bbox 142 2003 225 2063; x_wconf 90' lang='lat' dir='ltr'><strong>dictis</strong></span> <span class='ocrx_word' id='word_1_171' title='bbox 239 2005 394 2065; x_wconf 87' lang='lat' dir='ltr'><strong>volumine.</strong></span> 
     </span>
    </p>

    <p class='ocr_par' dir='ltr' id='par_1_7' title="bbox 90 2086 1186 2584">
     <span class='ocr_line' id='line_1_23' title="bbox 90 2086 1154 2166; baseline -0.001 -19"><span class='ocrx_word' id='word_1_172' title='bbox 90 2093 139 2147; x_wconf 86' lang='grc'><strong>111</strong></span> <span class='ocrx_word' id='word_1_173' title='bbox 216 2086 302 2166; x_wconf 85' lang='grc'>(30.)</span> <span class='ocrx_word' id='word_1_174' title='bbox 326 2087 537 2164; x_wconf 91' lang='lat' dir='ltr'><strong>blesopotamia</strong></span> <span class='ocrx_word' id='word_1_175' title='bbox 566 2096 626 2146; x_wconf 91' lang='lat' dir='ltr'><strong>tota</strong></span> <span class='ocrx_word' id='word_1_176' title='bbox 651 2088 838 2164; x_wconf 76' lang='lat' dir='ltr'><strong>Assyriorum</strong></span> <span class='ocrx_word' id='word_1_177' title='bbox 865 2087 935 2163; x_wconf 89' lang='lat' dir='ltr'><strong>luit,</strong></span> <span class='ocrx_word' id='word_1_178' title='bbox 961 2089 1078 2147; x_wconf 88' lang='lat' dir='ltr'><strong>vicatim</strong></span> <span class='ocrx_word' id='word_1_179' title='bbox 1098 2087 1154 2148; x_wconf 90' lang='lat' dir='ltr'><strong>dis·</strong></span> 
     </span>
     <span class='ocr_line' id='line_1_24' title="bbox 143 2169 1153 2249; baseline -0.001 -19"><span class='ocrx_word' id='word_1_180' title='bbox 143 2189 231 2249; x_wconf 89' lang='lat' dir='ltr'><strong>persa</strong></span> <span class='ocrx_word' id='word_1_181' title='bbox 247 2179 365 2249; x_wconf 85' lang='lat' dir='ltr'><strong>praeter</strong></span> <span class='ocrx_word' id='word_1_182' title='bbox 380 2169 529 2246; x_wconf 83' lang='lat' dir='ltr'><strong>Babylona</strong></span> <span class='ocrx_word' id='word_1_183' title='bbox 546 2180 575 2230; x_wconf 94' lang='lat' dir='ltr'><strong>et</strong></span> <span class='ocrx_word' id='word_1_184' title='bbox 590 2169 704 2230; x_wconf 90' lang='lat' dir='ltr'><strong>Ninum.</strong></span> <span class='ocrx_word' id='word_1_185' title='bbox 733 2170 911 2232; x_wconf 89' lang='lat' dir='ltr'><strong>blacadones</strong></span> <span class='ocrx_word' id='word_1_186' title='bbox 933 2189 995 2230; x_wconf 87' lang='lat' dir='ltr'><strong>earn</strong></span> <span class='ocrx_word' id='word_1_187' title='bbox 1016 2173 1046 2231; x_wconf 93' lang='lat' dir='ltr'><strong>in</strong></span> <span class='ocrx_word' id='word_1_188' title='bbox 1064 2171 1153 2231; x_wconf 94' lang='lat' dir='ltr'><strong>urbes</strong></span> 
     </span>
     <span class='ocr_line' id='line_1_25' title="bbox 142 2254 1154 2333; baseline -0.001 -19"><span class='ocrx_word' id='word_1_189' title='bbox 142 2272 366 2331; x_wconf 83' lang='lat' dir='ltr'><strong>congregavere</strong></span> <span class='ocrx_word' id='word_1_190' title='bbox 388 2263 511 2332; x_wconf 92' lang='lat' dir='ltr'><strong>propter</strong></span> <span class='ocrx_word' id='word_1_191' title='bbox 533 2254 695 2313; x_wconf 90' lang='lat' dir='ltr'><strong>ubertatem</strong></span> <span class='ocrx_word' id='word_1_192' title='bbox 716 2255 783 2316; x_wconf 88' lang='lat' dir='ltr'><strong>soli.</strong></span> <span class='ocrx_word' id='word_1_193' title='bbox 830 2255 935 2333; x_wconf 95' lang='lat' dir='ltr'><strong>oppida</strong></span> <span class='ocrx_word' id='word_1_194' title='bbox 957 2257 1154 2332; x_wconf 83' lang='lat' dir='ltr'><strong>praetoriam</strong></span> 
     </span>
     <span class='ocr_line' id='line_1_26' title="bbox 144 2337 1186 2415; baseline -0.005 -17"><span class='ocrx_word' id='word_1_195' title='bbox 144 2339 219 2398; x_wconf 91' lang='lat' dir='ltr'><strong>dicta</strong></span> <span class='ocrx_word' id='word_1_196' title='bbox 230 2338 318 2398; x_wconf 91' lang='lat' dir='ltr'><strong>habet</strong></span> <span class='ocrx_word' id='word_1_197' title='bbox 330 2337 502 2414; x_wconf 90' lang='lat' dir='ltr'><strong>Seleuciam,</strong></span> <span class='ocrx_word' id='word_1_198' title='bbox 515 2337 700 2411; x_wconf 88' lang='lat' dir='ltr'><strong>Laodiceam,</strong></span> <span class='ocrx_word' id='word_1_199' title='bbox 709 2339 892 2415; x_wconf 85' lang='lat' dir='ltr'><strong>Artemitam,</strong></span> <span class='ocrx_word' id='word_1_200' title='bbox 904 2341 972 2398; x_wconf 92' lang='lat' dir='ltr'><strong>item</strong></span> <span class='ocrx_word' id='word_1_201' title='bbox 984 2340 1012 2397; x_wconf 95' lang='lat' dir='ltr'><strong>in</strong></span> <span class='ocrx_word' id='word_1_202' title='bbox 1024 2338 1154 2399; x_wconf 86' lang='lat' dir='ltr'><strong>Arabum</strong></span> <span class='ocrx_word' id='word_1_203' title='bbox 1165 2354 1186 2393; x_wconf 82' lang='lat' dir='ltr'><strong>aa</strong></span> 
     </span>
     <span class='ocr_line' id='line_1_27' title="bbox 143 2421 1155 2501; baseline 0.003 -19"><span class='ocrx_word' id='word_1_204' title='bbox 143 2431 233 2501; x_wconf 87' lang='lat' dir='ltr'><strong>gente</strong></span> <span class='ocrx_word' id='word_1_205' title='bbox 255 2425 303 2499; x_wconf 86' lang='lat' dir='ltr'><strong>qui</strong></span> <span class='ocrx_word' id='word_1_206' title='bbox 327 2422 452 2482; x_wconf 85' lang='lat' dir='ltr'><strong>Orrhoei</strong></span> <span class='ocrx_word' id='word_1_207' title='bbox 473 2431 613 2482; x_wconf 85' lang='lat' dir='ltr'><strong>uocantur</strong></span> <span class='ocrx_word' id='word_1_208' title='bbox 636 2431 666 2481; x_wconf 89' lang='lat' dir='ltr'><strong>et</strong></span> <span class='ocrx_word' id='word_1_209' title='bbox 687 2421 814 2481; x_wconf 87' lang='lat' dir='ltr'><strong>blandani</strong></span> <span class='ocrx_word' id='word_1_210' title='bbox 837 2421 1155 2500; x_wconf 86' lang='lat' dir='ltr'><strong>Antiochiam&#39;quaea</strong></span> 
     </span>
     <span class='ocr_line' id='line_1_28' title="bbox 143 2504 1154 2584; baseline 0.002 -19"><span class='ocrx_word' id='word_1_211' title='bbox 143 2507 297 2584; x_wconf 88' lang='lat' dir='ltr'><strong>praelecto</strong></span> <span class='ocrx_word' id='word_1_212' title='bbox 317 2505 548 2583; x_wconf 84' lang='lat' dir='ltr'><strong>Mesopotamiae</strong></span> <span class='ocrx_word' id='word_1_213' title='bbox 573 2504 719 2566; x_wconf 91' lang='lat' dir='ltr'><strong>Nicanore</strong></span> <span class='ocrx_word' id='word_1_214' title='bbox 743 2506 857 2566; x_wconf 89' lang='lat' dir='ltr'><strong>condita</strong></span> <span class='ocrx_word' id='word_1_215' title='bbox 888 2505 993 2565; x_wconf 89' lang='lat' dir='ltr'><strong>Arabis</strong></span> <span class='ocrx_word' id='word_1_216' title='bbox 1018 2515 1154 2572; x_wconf 88' lang='lat' dir='ltr'><strong>vocatur.</strong></span> 
     </span>
    </p>

    <p class='ocr_par' dir='ltr' id='par_1_8' title="bbox 93 2589 1188 3003">
     <span class='ocr_line' id='line_1_29' title="bbox 93 2589 1155 2668; baseline 0.003 -20"><span class='ocrx_word' id='word_1_217' title='bbox 93 2605 143 2657; x_wconf 77' lang='lat'><strong>113</strong></span> <span class='ocrx_word' id='word_1_218' title='bbox 153 2590 312 2667; x_wconf 87' lang='lat' dir='ltr'><strong>Iunguntur</strong></span> <span class='ocrx_word' id='word_1_219' title='bbox 339 2591 383 2649; x_wconf 92' lang='lat' dir='ltr'><strong>his</strong></span> <span class='ocrx_word' id='word_1_220' title='bbox 411 2591 527 2649; x_wconf 88' lang='lat' dir='ltr'><strong>Arabes</strong></span> <span class='ocrx_word' id='word_1_221' title='bbox 555 2591 699 2649; x_wconf 90' lang='lat' dir='ltr'><strong>introrsus</strong></span> <span class='ocrx_word' id='word_1_222' title='bbox 720 2589 880 2666; x_wconf 84' lang='lat' dir='ltr'><strong>Eldamari,</strong></span> <span class='ocrx_word' id='word_1_223' title='bbox 913 2607 1000 2668; x_wconf 89' lang='lat' dir='ltr'><strong>supra</strong></span> <span class='ocrx_word' id='word_1_224' title='bbox 1021 2607 1097 2668; x_wconf 88' lang='lat' dir='ltr'><strong>quos</strong></span> <span class='ocrx_word' id='word_1_225' title='bbox 1119 2590 1155 2651; x_wconf 90' lang='lat' dir='ltr'><strong>ad</strong></span> 
     </span>
     <span class='ocr_line' id='line_1_30' title="bbox 144 2672 1154 2752; baseline 0.004 -21"><span class='ocrx_word' id='word_1_226' title='bbox 144 2673 337 2732; x_wconf 89' lang='lat' dir='ltr'><strong>Pallacontam</strong></span> <span class='ocrx_word' id='word_1_227' title='bbox 355 2673 460 2733; x_wconf 86' lang='lat' dir='ltr'><strong>[lumen</strong></span> <span class='ocrx_word' id='word_1_228' title='bbox 474 2673 550 2733; x_wconf 92' lang='lat' dir='ltr'><strong>Bura</strong></span> <span class='ocrx_word' id='word_1_229' title='bbox 564 2673 716 2752; x_wconf 91' lang='lat' dir='ltr'><strong>oppidum,</strong></span> <span class='ocrx_word' id='word_1_230' title='bbox 731 2673 854 2733; x_wconf 89' lang='lat' dir='ltr'><strong>Salmani</strong></span> <span class='ocrx_word' id='word_1_231' title='bbox 873 2683 902 2733; x_wconf 92' lang='lat' dir='ltr'><strong>et</strong></span> <span class='ocrx_word' id='word_1_232' title='bbox 917 2672 1009 2733; x_wconf 88' lang='lat' dir='ltr'><strong>hlasei</strong></span> <span class='ocrx_word' id='word_1_233' title='bbox 1026 2673 1154 2752; x_wconf 84' lang='lat' dir='ltr'><strong>Arabes,</strong></span> 
     </span>
     <span class='ocr_line' id='line_1_31' title="bbox 144 2754 1188 2836; baseline -0.004 -21"><span class='ocrx_word' id='word_1_234' title='bbox 144 2754 305 2833; x_wconf 85' lang='lat' dir='ltr'><strong>Gordyaeis</strong></span> <span class='ocrx_word' id='word_1_235' title='bbox 318 2774 392 2815; x_wconf 90' lang='grc'><strong>1111</strong></span> <span class='ocrx_word' id='word_1_236' title='bbox 405 2759 491 2816; x_wconf 89' lang='lat' dir='ltr'><strong>iuncti</strong></span> <span class='ocrx_word' id='word_1_237' title='bbox 503 2756 601 2833; x_wconf 90' lang='lat' dir='ltr'><strong>Aloni,</strong></span> <span class='ocrx_word' id='word_1_238' title='bbox 617 2776 673 2836; x_wconf 89' lang='lat' dir='ltr'><strong>per</strong></span> <span class='ocrx_word' id='word_1_239' title='bbox 685 2774 759 2835; x_wconf 90' lang='lat' dir='ltr'><strong>quos</strong></span> <span class='ocrx_word' id='word_1_240' title='bbox 771 2756 876 2816; x_wconf 88' lang='lat' dir='ltr'><strong>Zerbis</strong></span> <span class='ocrx_word' id='word_1_241' title='bbox 888 2757 992 2817; x_wconf 88' lang='lat' dir='ltr'><strong>llnuius</strong></span> <span class='ocrx_word' id='word_1_242' title='bbox 1001 2759 1030 2816; x_wconf 92' lang='lat' dir='ltr'><strong>in</strong></span> <span class='ocrx_word' id='word_1_243' title='bbox 1043 2756 1156 2834; x_wconf 83' lang='lat' dir='ltr'><strong>Tigrim</strong></span> <span class='ocrx_word' id='word_1_244' title='bbox 1167 2772 1188 2811; x_wconf 86' lang='grc'><strong>11</strong></span> 
     </span>
     <span class='ocr_line' id='line_1_32' title="bbox 144 2839 1156 2919; baseline 0.002 -19"><span class='ocrx_word' id='word_1_245' title='bbox 144 2839 352 2916; x_wconf 88' lang='lat' dir='ltr'><strong>cadit,Anonis</strong></span> <span class='ocrx_word' id='word_1_246' title='bbox 369 2839 475 2898; x_wconf 86' lang='lat' dir='ltr'><strong>Silices</strong></span> <span class='ocrx_word' id='word_1_247' title='bbox 493 2843 620 2899; x_wconf 91' lang='lat' dir='ltr'><strong>montani</strong></span> <span class='ocrx_word' id='word_1_248' title='bbox 639 2849 668 2900; x_wconf 90' lang='lat' dir='ltr'><strong>et</strong></span> <span class='ocrx_word' id='word_1_249' title='bbox 679 2839 816 2917; x_wconf 92' lang='lat' dir='ltr'><strong>Orontes,</strong></span> <span class='ocrx_word' id='word_1_250' title='bbox 834 2859 954 2919; x_wconf 88' lang='lat' dir='ltr'><strong>quorum</strong></span> <span class='ocrx_word' id='word_1_251' title='bbox 966 2841 1002 2900; x_wconf 94' lang='lat' dir='ltr'><strong>ad</strong></span> <span class='ocrx_word' id='word_1_252' title='bbox 1019 2841 1156 2902; x_wconf 92' lang='lat' dir='ltr'><strong>occiden-</strong></span> 
     </span>
     <span class='ocr_line' id='line_1_33' title="bbox 144 2921 1155 3003; baseline 0.003 -20"><span class='ocrx_word' id='word_1_253' title='bbox 144 2933 203 2983; x_wconf 88' lang='lat' dir='ltr'><strong>tem</strong></span> <span class='ocrx_word' id='word_1_254' title='bbox 216 2922 351 3003; x_wconf 92' lang='lat' dir='ltr'><strong>oppidum</strong></span> <span class='ocrx_word' id='word_1_255' title='bbox 364 2921 549 3000; x_wconf 83' lang='lat' dir='ltr'><strong>Gaugamela,</strong></span> <span class='ocrx_word' id='word_1_256' title='bbox 566 2925 636 2983; x_wconf 91' lang='lat' dir='ltr'><strong>item</strong></span> <span class='ocrx_word' id='word_1_257' title='bbox 649 2925 725 2984; x_wconf 86' lang='lat' dir='ltr'><strong>Suae</strong></span> <span class='ocrx_word' id='word_1_258' title='bbox 743 2927 772 2984; x_wconf 95' lang='lat' dir='ltr'><strong>in</strong></span> <span class='ocrx_word' id='word_1_259' title='bbox 784 2925 917 3003; x_wconf 88' lang='lat' dir='ltr'><strong>rupibus.</strong></span> <span class='ocrx_word' id='word_1_260' title='bbox 943 2924 1036 3003; x_wconf 88' lang='lat' dir='ltr'><strong>Supra</strong></span> <span class='ocrx_word' id='word_1_261' title='bbox 1049 2924 1155 2986; x_wconf 85' lang='lat' dir='ltr'><strong>Silicas</strong></span> 
     </span>
    </p>

    <p class='ocr_par' dir='ltr' id='par_1_9' title="bbox 40 3006 1155 3171">
     <span class='ocr_line' id='line_1_34' title="bbox 40 3006 1155 3086; baseline 0.004 -20"><span class='ocrx_word' id='word_1_262' title='bbox 40 3018 45 3031; x_wconf 90' lang='grc'><strong><em>·</em></strong></span> <span class='ocrx_word' id='word_1_263' title='bbox 145 3010 258 3085; x_wconf 88' lang='lat' dir='ltr'><strong>Sitrae,</strong></span> <span class='ocrx_word' id='word_1_264' title='bbox 287 3026 341 3086; x_wconf 91' lang='lat' dir='ltr'><strong>per</strong></span> <span class='ocrx_word' id='word_1_265' title='bbox 369 3025 442 3086; x_wconf 89' lang='lat' dir='ltr'><strong>quos</strong></span> <span class='ocrx_word' id='word_1_266' title='bbox 465 3006 558 3083; x_wconf 82' lang='lat' dir='ltr'><strong>Lycus</strong></span> <span class='ocrx_word' id='word_1_267' title='bbox 585 3026 623 3068; x_wconf 88' lang='lat' dir='ltr'><strong>ex</strong></span> <span class='ocrx_word' id='word_1_268' title='bbox 651 3008 789 3069; x_wconf 89' lang='lat' dir='ltr'><strong>Armenia</strong></span> <span class='ocrx_word' id='word_1_269' title='bbox 810 3011 919 3085; x_wconf 84' lang='lat' dir='ltr'><strong>fertur,</strong></span> <span class='ocrx_word' id='word_1_270' title='bbox 952 3008 988 3068; x_wconf 93' lang='lat' dir='ltr'><strong>ab</strong></span> <span class='ocrx_word' id='word_1_271' title='bbox 1009 3008 1096 3068; x_wconf 92' lang='lat' dir='ltr'><strong>Sitris</strong></span> <span class='ocrx_word' id='word_1_272' title='bbox 1120 3009 1155 3070; x_wconf 88' lang='lat' dir='ltr'><strong>ad</strong></span> 
     </span>
     <span class='ocr_line' id='line_1_35' title="bbox 144 3090 1155 3171; baseline 0 -19"><span class='ocrx_word' id='word_1_273' title='bbox 144 3092 297 3153; x_wconf 87' lang='lat' dir='ltr'><strong>hibernum</strong></span> <span class='ocrx_word' id='word_1_274' title='bbox 319 3101 453 3153; x_wconf 82' lang='lat' dir='ltr'><strong>exortunr</strong></span> <span class='ocrx_word' id='word_1_275' title='bbox 475 3090 605 3151; x_wconf 84' lang='lat' dir='ltr'><strong>Azochis</strong></span> <span class='ocrx_word' id='word_1_276' title='bbox 626 3093 778 3170; x_wconf 91' lang='lat' dir='ltr'><strong>oppidum,</strong></span> <span class='ocrx_word' id='word_1_277' title='bbox 798 3110 866 3152; x_wconf 89' lang='lat' dir='ltr'><strong>mox</strong></span> <span class='ocrx_word' id='word_1_278' title='bbox 887 3093 917 3152; x_wconf 93' lang='lat' dir='ltr'><strong>in</strong></span> <span class='ocrx_word' id='word_1_279' title='bbox 942 3094 1155 3171; x_wconf 88' lang='lat' dir='ltr'><strong>campestribus</strong></span> 
     </span>
    </p>

    <p class='ocr_par' dir='ltr' id='par_1_10' title="bbox 94 3174 1189 3256">
     <span class='ocr_line' id='line_1_36' title="bbox 94 3174 1189 3256; baseline 0 -20"><span class='ocrx_word' id='word_1_280' title='bbox 94 3193 143 3244; x_wconf 80' lang='lat'><strong>119</strong></span> <span class='ocrx_word' id='word_1_281' title='bbox 155 3177 261 3256; x_wconf 89' lang='lat' dir='ltr'><strong>oppida</strong></span> <span class='ocrx_word' id='word_1_282' title='bbox 275 3176 444 3256; x_wconf 87' lang='lat' dir='ltr'><strong>Diospege,</strong></span> <span class='ocrx_word' id='word_1_283' title='bbox 461 3174 621 3252; x_wconf 74' lang='lat' dir='ltr'><strong>Polytelia,</strong></span> <span class='ocrx_word' id='word_1_284' title='bbox 640 3177 840 3253; x_wconf 87' lang='lat' dir='ltr'><strong>Stratonicea,</strong></span> <span class='ocrx_word' id='word_1_285' title='bbox 856 3176 1025 3235; x_wconf 88' lang='lat' dir='ltr'><strong>Anthemus.</strong></span> <span class='ocrx_word' id='word_1_286' title='bbox 1065 3177 1097 3236; x_wconf 96' lang='lat' dir='ltr'><strong>ln</strong></span> <span class='ocrx_word' id='word_1_287' title='bbox 1115 3179 1155 3237; x_wconf 88' lang='lat' dir='ltr'><strong>ui·</strong></span> <span class='ocrx_word' id='word_1_288' title='bbox 1167 3187 1189 3229; x_wconf 73' lang='lat' dir='ltr'><strong>tt</strong></span> 
     </span>
    </p>

    <p class='ocr_par' dir='ltr' id='par_1_11' title="bbox 94 3259 1155 3340">
     <span class='ocr_line' id='line_1_37' title="bbox 94 3259 1155 3340; baseline 0 -19"><span class='ocrx_word' id='word_1_289' title='bbox 94 3264 218 3334; x_wconf 53' lang='lat' dir='ltr'><strong>sarcinio</strong></span> <span class='ocrx_word' id='word_1_290' title='bbox 239 3260 396 3340; x_wconf 86' lang='lat' dir='ltr'><strong>Euphratis</strong></span> <span class='ocrx_word' id='word_1_291' title='bbox 412 3260 627 3338; x_wconf 87' lang='lat' dir='ltr'><strong>Nicephorion,</strong></span> <span class='ocrx_word' id='word_1_292' title='bbox 649 3260 726 3336; x_wconf 84' lang='lat' dir='ltr'><strong>quod</strong></span> <span class='ocrx_word' id='word_1_293' title='bbox 748 3261 887 3336; x_wconf 86' lang='lat' dir='ltr'><strong>diximus,</strong></span> <span class='ocrx_word' id='word_1_294' title='bbox 908 3259 1079 3323; x_wconf 84' lang='lat' dir='ltr'><strong>Alexander</strong></span> <span class='ocrx_word' id='word_1_295' title='bbox 1096 3262 1155 3321; x_wconf 91' lang='lat' dir='ltr'><strong>ius·</strong></span> 
     </span>
    </p>

    <p class='ocr_par' dir='ltr' id='par_1_12' title="bbox 93 3343 1157 3508">
     <span class='ocr_line' id='line_1_38' title="bbox 93 3343 1156 3424; baseline 0.001 -21"><span class='ocrx_word' id='word_1_296' title='bbox 93 3347 184 3404; x_wconf 65' lang='lat' dir='ltr'><strong>incasit</strong></span> <span class='ocrx_word' id='word_1_297' title='bbox 200 3345 283 3405; x_wconf 91' lang='lat' dir='ltr'><strong>condi</strong></span> <span class='ocrx_word' id='word_1_298' title='bbox 300 3354 422 3424; x_wconf 90' lang='lat' dir='ltr'><strong>propter</strong></span> <span class='ocrx_word' id='word_1_299' title='bbox 437 3344 494 3404; x_wconf 90' lang='lat' dir='ltr'><strong>loci</strong></span> <span class='ocrx_word' id='word_1_300' title='bbox 515 3347 769 3421; x_wconf 89' lang='lat' dir='ltr'><strong>opportunitatem.</strong></span> <span class='ocrx_word' id='word_1_301' title='bbox 800 3345 875 3405; x_wconf 88' lang='lat' dir='ltr'><strong>dicta</strong></span> <span class='ocrx_word' id='word_1_302' title='bbox 892 3353 938 3403; x_wconf 90' lang='lat' dir='ltr'><strong>est</strong></span> <span class='ocrx_word' id='word_1_303' title='bbox 960 3352 990 3403; x_wconf 91' lang='lat' dir='ltr'><strong>et</strong></span> <span class='ocrx_word' id='word_1_304' title='bbox 1010 3346 1039 3403; x_wconf 89' lang='lat' dir='ltr'><strong>in</strong></span> <span class='ocrx_word' id='word_1_305' title='bbox 1059 3343 1156 3423; x_wconf 85' lang='lat' dir='ltr'><strong>Zeug-</strong></span> 
     </span>
     <span class='ocr_line' id='line_1_39' title="bbox 145 3422 1157 3508; baseline 0.003 -23"><span class='ocrx_word' id='word_1_306' title='bbox 145 3437 219 3488; x_wconf 88' lang='lat' dir='ltr'><strong>mate</strong></span> <span class='ocrx_word' id='word_1_307' title='bbox 240 3431 386 3506; x_wconf 88' lang='lat' dir='ltr'><strong>Apamea,</strong></span> <span class='ocrx_word' id='word_1_308' title='bbox 418 3447 455 3489; x_wconf 91' lang='lat' dir='ltr'><strong>ex</strong></span> <span class='ocrx_word' id='word_1_309' title='bbox 477 3446 533 3506; x_wconf 88' lang='lat' dir='ltr'><strong>qna</strong></span> <span class='ocrx_word' id='word_1_310' title='bbox 561 3428 702 3488; x_wconf 89' lang='lat' dir='ltr'><strong>orientem</strong></span> <span class='ocrx_word' id='word_1_311' title='bbox 726 3437 863 3506; x_wconf 90' lang='lat' dir='ltr'><strong>petentes</strong></span> <span class='ocrx_word' id='word_1_312' title='bbox 886 3422 995 3508; x_wconf 82' lang='lat' dir='ltr'><strong>excipit</strong></span> <span class='ocrx_word' id='word_1_313' title='bbox 1015 3428 1157 3508; x_wconf 91' lang='lat' dir='ltr'><strong>oppidum</strong></span> 
     </span>
    </p>
   </div>
   <div class='ocr_carea' id='block_1_3' title="bbox 0 0 1208 3856">
    <p class='ocr_par' dir='ltr' id='par_1_13' title="bbox 0 0 1208 3856">
     <span class='ocr_line' id='line_1_40' title="bbox 0 0 1208 3856; baseline 0 0"><span class='ocrx_word' id='word_1_314' title='bbox 0 0 1208 3856; x_wconf 95' lang='lat' dir='ltr'><strong> </strong></span> 
     </span>
    </p>
   </div>
  </div>
 </body>
</html>
