2400 3856
421 181 501 228 uxr.
520 182 610 230 nrsr.
628 183 662 230 v.
680 175 705 228 1.
725 164 782 253 (¹:)
1027 130 1104 231 Ι185

91 332 200 410 Darat,
221 335 324 412 inquo
342 333 509 394 crocodilos
524 335 614 412 gigni.
647 334 713 396 dein
731 335 823 395 sinum
836 334 959 398 noxvl
977 333 1008 394 Μ
1026 353 1102 414 pass.
1121 340 1156 393 lo

92 417 199 477 includi
223 418 328 477 montis
355 417 464 478 Bracae
485 420 685 496 promunturio
708 429 884 480 excurrente
910 421 1104 495 inoccasnm,

94 501 171 577 quod
198 501 364 579 appelletur
393 500 584 561 Surrentium.
621 510 727 579 postea
747 501 851 562 flumen
871 502 1001 579 Salsum,
1029 502 1105 564 ultra

94 582 172 660 qnod
194 583 358 662 Aethiopas
380 584 544 661 Perorsos,
565 602 687 662 qnorum
712 605 729 645 a
750 594 835 664 tergo
855 585 1022 646 Pharusios.
1060 586 1105 646 bis

64 669 175 745 oiungi
196 669 225 727 iu
247 667 464 728 mediterraneo
488 665 628 728 Gaetulos
649 667 758 744 Daras,
779 679 807 729 at
827 671 856 728 in
874 688 925 729 ora
941 668 1106 747 Aethiopas

95 749 257 828 Duratitas,
280 750 384 810 llumen
406 751 576 811 Bambotum
598 751 756 811 crocodilis
773 761 803 811 et
823 752 1040 832 hippopotamis
1060 771 1106 812 re·

94 835 208 894 fertum.
243 835 278 895 ab
296 851 333 894 eo
349 844 463 897 montes
480 843 641 913 perpetuos
657 853 750 914 usque
771 834 806 895 ad
822 854 887 895 eum
902 853 988 914 quem
1004 834 1106 894 Theon

95 917 214 977 ochema
230 917 367 978 dicemus.
403 916 471 979 inde
492 917 527 979 ad
546 920 775 996 promunturium
797 917 971 997 Hesperium
990 915 1151 995 naviga-,⁰37

71 1003 175 1060 'tione
197 1002 308 1061 dierum
330 1020 364 1061 ac
384 1004 510 1062 noctium
531 1001 567 1062 X.
594 1004 623 1061 iu
651 1002 804 1062 mediceo
837 1004 932 1082 spatio
958 1001 1107 1061 Atlantem

57 1101 81 1140 m
94 1086 202 1145 locavit
223 1087 332 1145 ceteris
354 1085 485 1146 omnibus
507 1087 536 1144 in
565 1088 704 1146 extremis
724 1084 922 1146 Mauretaniae
950 1085 1105 1165 proditum.

94 1167 224 1230 Romana
245 1188 323 1229 arma
344 1171 466 1247 primum
487 1166 608 1230 Claudio
623 1171 758 1249 principe
773 1171 802 1229 in
817 1169 996 1230 lllauretania
1017 1169 1107 1229 hella-
1125 1173 1156 1237 ll

94 1270 165 1311 vere
186 1252 384 1312 Ptolomaeum
404 1271 506 1330 regem
529 1270 544 1311 a
569 1251 640 1313 Gaio
663 1250 791 1313 Caesare
811 1255 1017 1331 interemptum
1037 1253 1106 1314 ulci-

95 1343 197 1394 scente
220 1335 329 1395 liberto
344 1334 533 1412 Aedemone,
554 1336 827 1414 refugientibusque
843 1338 974 1397 barbaris
990 1346 1107 1398 ventum

95 1425 209 1478 constat
224 1418 259 1478 ad
273 1426 401 1477 montem
413 1417 570 1478 Atlantem.
598 1436 653 1478 ncc
669 1419 762 1478 solum
776 1419 929 1480 consulatu
946 1422 1106 1499 perfunctis

55 1511 183 1579 statque
205 1520 222 1560 e
244 1509 345 1560 senatu
366 1501 487 1561 ducibus
508 1503 556 1579 qui
579 1509 637 1561 tum
666 1520 715 1562 res
737 1520 863 1579 gessere
886 1504 939 1561 sed
961 1504 1106 1580 equitibus

96 1603 214 1664 quoque
234 1583 372 1644 Romanis
404 1587 452 1663 qui
476 1603 514 1645 ex
535 1602 573 1644 eo
593 1585 750 1662 praefuere
773 1586 813 1644 ibi
843 1585 992 1646 Atlantem
1016 1604 1107 1663 pene·

95 1679 191 1728 trussc
212 1670 241 1728 in
266 1668 361 1745 gloria
383 1669 446 1728 luit.
492 1669 619 1747 quinque
643 1678 709 1728 sunt
732 1670 779 1747 (ut
799 1669 938 1746 diximus)
959 1668 1105 1728 Romanae
1125 1682 1158 1733 12

95 1752 229 1812 coloniae
251 1753 280 1810 in
302 1770 337 1812 ea
361 1753 530 1830 provincia,
557 1754 746 1830 perviumque
766 1753 859 1813 iamne
880 1753 973 1812 videri
996 1761 1104 1831 potest.
1127 1771 1139 1804 ε
1187 1794 1191 1799 .

96 1835 149 1895 sed
166 1835 193 1894 id
210 1834 381 1913 plerumque
406 1834 621 1895 fallacissimum
645 1836 847 1913 experimento
868 1835 1105 1914 deprehenditur,
1114 1818 1157 1856 ‘¹¹³'

56 1933 83 1972 ao
96 1920 163 1996 quia
181 1919 356 1996 dignitates,
376 1937 440 1978 cum
462 1918 601 1995 indagare
622 1936 692 1978 vcra
713 1920 832 1996 pigeat,
854 1919 1036 1996 ignorantiae
1057 1937 1106 1997 pu·

96 2003 168 2062 dore
183 2004 297 2061 mentiri
313 2019 372 2062 non
392 2004 493 2080 piget,
518 2001 586 2061 baut
601 2002 660 2062 alio
684 2001 751 2060 iidei
771 2003 911 2080 proniore
925 2002 1008 2081 lapsu
1023 2020 1107 2080 qnam

96 2085 144 2145 ubi
165 2085 256 2146 falsae
276 2088 319 2145 rei
339 2089 439 2163 gravis
465 2094 567 2146 auctor
582 2087 692 2146 existit.
745 2086 879 2163 equidem
899 2086 992 2146 minus
1016 2088 1107 2145 miror

94 2172 267 2248 inconperta
283 2170 422 2247 quaedam
443 2188 512 2240 esee
528 2170 675 2248 equestris
693 2171 803 2230 ordinis
820 2171 902 2247 viris,
918 2172 974 2230 iam
990 2187 1061 2231 vero
1078 2177 1108 2228 et

96 2263 225 2312 senatum
242 2254 308 2313 inde
322 2255 512 2331 intrantibus,
529 2272 612 2332 quam
632 2254 781 2329 luxuriae,
803 2255 884 2312 cuius
906 2255 1107 2314 efficacissima

58 2337 142 2395 aevis
169 2339 291 2395 sentitur
316 2346 402 2414 atque
426 2339 563 2412 maxime,
590 2355 654 2396 cnm
680 2337 763 2396 ebori
787 2339 862 2415 citrp
888 2336 979 2396 silvae
1005 2338 1105 2414 exqui-

96 2425 213 2494 runtur,
244 2436 344 2478 omnes
374 2420 488 2497 scopuli
513 2418 627 2479 Gaetuli
662 2419 819 2479 muricibus
842 2413 988 2497 purpurIs.
1032 2419 1106 2478 ludi·
1124 2427 1160 2487 lit

96 2518 192 2578 genae
212 2510 308 2561 tamen
330 2503 442 2562 tradunt
459 2504 488 2560 iu
510 2518 560 2560 ora
580 2501 616 2560 ab
638 2500 716 2560 Salat
737 2498 782 2559 CL
804 2499 835 2560 Μ
849 2519 984 2580 passuum
1002 2502 1108 2562 llumeu

97 2584 223 2644 Asanam
245 2587 354 2644 marino
383 2585 486 2645 baustn
507 2584 559 2645 sed
580 2592 667 2662 portu
694 2585 876 2664 spectabile,
903 2603 971 2646 mox
997 2603 1108 2644 amnem

97 2686 183 2747 quem
199 2677 304 2728 vocant
318 2668 389 2745 Fut,
414 2668 449 2729 ab
471 2687 508 2729 eo
525 2668 656 2728 Addirim
672 2666 745 2747 (boc
757 2669 844 2728 ¹enim
858 2669 969 2729 Atlanti
989 2686 1107 2744 nomen,

58 2768 84 2809 no
99 2761 128 2811 et
143 2771 212 2812 esse
229 2770 328 2812 eorum
348 2753 446 2830 lingua
461 2753 614 2830 convenit)
634 2748 682 2811 GC
698 2750 727 2811 Μ
744 2770 878 2831 passuum
893 2755 1108 2814 interveniente

98 2834 212 2897 llumine
234 2837 280 2895 cni
296 2853 400 2896 nomen
421 2845 466 2896 est
481 2836 559 2901 lvor.
589 2836 632 2896 lbi
649 2835 724 2897 lama
746 2845 864 2897 exstare
884 2839 962 2897 circu
980 2839 1107 2913 vestigia

97 2919 216 2979 habitati
242 2920 384 2998 quondam
408 2920 480 2997 soli,
505 2923 654 2980 vinearum
680 2920 930 2999 palmetorumque
956 2918 1106 2997 reliquias.

97 3002 253 3063 Suetonius
268 3002 422 3079 Pnubnus,
440 3020 526 3081 quem
547 3005 697 3064 consulem
712 3004 852 3079 vidimus,
874 3005 983 3082 primus
1003 3004 1108 3075 Roma·
1125 3012 1159 3063 14

97 3103 199 3145 norum
213 3085 316 3146 ducum
337 3096 537 3164 transgressus
558 3104 675 3165 qnoque
697 3086 845 3147 Atlantem
868 3086 979 3164 aliquot
1000 3086 1107 3146 milium

58 3185 83 3225 eo
98 3172 193 3248 spatio
225 3167 351 3248 prodidit
381 3171 417 3230 de
449 3170 623 3231 excelsitate
654 3170 770 3248 quidem
798 3171 861 3229 eius
896 3187 970 3248 quae
1001 3172 1106 3246 ceteri,

96 3256 166 3312 imas
190 3255 305 3314 radices
329 3254 427 3314 densis
452 3254 578 3332 altisque
606 3253 735 3333 repletas
761 3253 843 3312 silvis
874 3254 1025 3331 incognito
1055 3272 1107 3330 ge·

96 3356 168 3398 uere
197 3337 347 3415 arborum,
383 3339 593 3416 proceritatem
628 3335 821 3416 spectabilem
850 3356 919 3397 esse
948 3337 1034 3397 enodi
1066 3337 1107 3396 ni·

96 3429 180 3501 tore,
196 3422 316 3482 frondes
336 3424 469 3501 cupressi
488 3423 598 3483 similes
613 3429 818 3500 praeterquam
833 3421 976 3500 gravitate
995 3421 1106 3497 odoris,
