2400 3856
385 187 474 242 'nrm
496 194 589 243 msc.
612 194 664 242 111.
686 188 712 242 5.
737 179 781 261 (9.)
1036 176 1097 243 135

88 349 166 429 quod
185 348 303 428 scripsit
316 346 465 409 Nicodoro
486 346 707 409 Atheniensium
722 351 902 426 magistratu,
919 350 967 428 qui
980 348 1034 409 lnit
1050 365 1097 408 ur·

88 436 134 494 bis
153 441 272 493 nostrae
290 429 448 492 CCCCXL.
466 449 549 493 anno.
567 432 703 511 quicquid
718 450 790 510 ergo
802 441 942 495 terrarum
955 442 1001 494 est
1013 449 1097 512 prae·

88 528 134 578 ter
150 517 252 577 decem
266 517 345 577 milia
359 533 495 595 passuum
510 515 653 598 ambituus
667 514 809 576 adnexum
822 517 935 578 insulae
951 525 1020 596 post
1031 532 1097 576 eum

88 620 190 662 annum
206 601 333 663 accessit
344 599 454 660 Italiae.
478 599 567 660 Aliud
582 599 749 660 miraculum
762 597 905 662 aCcrceis
917 599 998 678 palus
1010 599 1094 660 Pom·
1104 604 1140 657 59

66 687 166 765 sptina
182 692 239 761 est,
253 702 339 765 quem
350 684 445 744 locum
457 681 569 744 XXllll
582 683 694 744 urbium
709 683 800 745 luisse
809 683 957 745 Mucianus
972 693 1018 743 ter
1029 701 1096 742 con·

90 769 134 829 sul
156 768 291 846 prodidit.
322 767 390 828 dein
412 766 518 829 llumen
539 767 715 845 Aufentum,
735 784 823 846 supra
844 767 920 846 quod
942 766 1097 828 Tarracina

92 851 229 930 oppidum
244 850 342 928 lingua
357 850 533 912 Volscorum
547 851 652 912 Anxur
666 852 782 929 dictum,
799 860 829 913 et
845 852 892 911 nbi
911 851 995 910 fuere
1010 849 1098 926 Amp-

90 936 153 995 clae
170 936 233 994 sive
245 933 436 995 Amunclaea
453 936 641 1015 serpentibus
652 935 781 1014 deletae,
793 936 861 997 dein
877 934 960 994 locus
976 933 1098 1012 Spelun-

90 1038 154 1095 cae,
166 1018 244 1079 lacus
255 1017 419 1097 Fundanus,
433 1015 535 1081 Caieta
547 1028 661 1098 portus,
674 1020 810 1100 oppidum
816 1018 951 1080 Formiae
961 1016 1097 1079 Homniae

56 1126 81 1166 ro
91 1103 214 1180 dictum,
229 1110 261 1161 ut
277 1104 501 1180 existimavere,
522 1105 639 1182 antiqua
653 1103 884 1181 Laestrygonum
895 1104 992 1164 sedes.
1023 1101 1099 1161 ultra

90 1189 143 1246 luit
159 1185 298 1265 oppidum
318 1184 419 1263 Pirae,
436 1194 483 1247 est
504 1187 621 1247 colonia
641 1185 805 1248 Minturnae
822 1185 881 1248 Liri
901 1204 984 1248 amne
1006 1184 1099 1246 diuisa

90 1269 208 1329 Clanica
224 1268 381 1347 appellata,
395 1269 547 1347 Sinuessa,
564 1279 724 1331 extremum
737 1272 768 1331 in
779 1271 894 1333 adiecto
907 1269 1003 1347 Latio,
1015 1286 1097 1348 quam

91 1351 206 1430 qnidam
218 1351 349 1430 Sinopen
360 1352 463 1413 dixere
473 1356 638 1415 vocitatam.
652 1352 725 1414 llinc
735 1354 809 1414 felix
819 1354 868 1414 illa
881 1351 1044 1432 Campania.
1061 1352 1096 1412 ab
1106 1358 1143 1410 bo

91 1436 148 1495 hoc
171 1436 236 1495 sinu
251 1436 392 1513 incipiunt
412 1437 522 1496 vitiferi
542 1436 636 1497 colles
657 1445 688 1497 ct
708 1436 878 1499 temulentia
897 1437 1004 1497 nobilis
1027 1454 1096 1498 suco

57 1541 83 1582 15
94 1538 147 1596 per
164 1536 265 1579 omncs
284 1527 379 1579 terras
390 1518 516 1598 incluto,
531 1527 619 1598 atque
631 1521 677 1600 (ut
694 1529 813 1581 veteres
826 1519 945 1598 dixere)
961 1537 1099 1580 summum

92 1603 191 1663 biberi
206 1601 302 1663 Patris
323 1620 387 1663 cum
406 1601 518 1665 Cerere
535 1611 690 1667 certamen.
721 1603 787 1664 hinc
808 1605 902 1665 Setini
926 1611 956 1663 et
972 1600 1099 1662 Caecubi

94 1686 305 1766 protenduntur
320 1689 400 1765 agri,
424 1686 469 1748 his
489 1689 645 1766 iunguntur
660 1686 797 1766 Falerni,
814 1684 932 1764 Caleni,
947 1686 1014 1747 dein
1031 1702 1101 1745 con·

92 1778 213 1847 surgunt
228 1769 362 1849 Massici,
378 1769 501 1832 Gaurani
518 1771 739 1850 Surrentinique
753 1779 879 1832 montes.
905 1770 947 1831 ibi
959 1768 1098 1831 Leburini

92 1855 183 1932 campi
200 1861 369 1914 sternuntur
389 1863 420 1915 et
444 1855 473 1914 in
493 1854 613 1916 delicias
630 1855 721 1916 alicae
737 1854 848 1935 politur
866 1855 981 1915 messis.
1018 1852 1098 1915 llaec

56 1960 83 2002 so
92 1939 179 1998 litora
194 1937 323 1997 lontibus
338 1937 440 1999 calidis
452 1940 595 2017 rigantur,
606 1948 783 2019 praeterque
795 1947 896 2001 cetera
910 1940 939 1998 in
955 1946 1016 1998 toto
1028 1937 1100 1997 mari

92 2020 246 2098 conchylio
273 2029 302 2082 et
322 2022 405 2101 pisce
428 2022 519 2083 nobili
542 2023 725 2086 adnotantur.
762 2041 901 2102 nusquam
922 2022 1100 2100 generosior

95 2106 179 2166 oleae
207 2104 321 2184 liquor,
342 2115 372 2166 et
392 2105 450 2168 hoc
467 2125 583 2186 quoque
605 2117 752 2169 certamen
777 2107 915 2168 humanae
930 2105 1100 2185 voluptatis.

92 2199 215 2251 tenuere
235 2187 320 2267 Osci,
337 2187 457 2270 Graeci,
473 2191 591 2270 Umbri,
607 2190 710 2271 Tusci,
727 2191 872 2271 Campani.
901 2189 935 2252 ln
955 2209 1007 2251 ora
1022 2189 1142 2250 Savoitl

92 2273 214 2349 hovius,
238 2275 412 2334 Volturnum
434 2275 571 2354 oppidum
595 2294 659 2336 cum
680 2294 778 2354 amne,
802 2274 966 2350 biternum,
992 2272 1099 2334 Cumae

57 2375 84 2415 as
95 2353 336 2435 Chalcidensium,
352 2356 505 2436 Misenum,
520 2367 622 2436 portus
636 2359 779 2436 Baiarum,
793 2359 892 2436 Bauli,
907 2358 988 2418 lacus
1002 2355 1100 2416 Lucri·

93 2457 145 2498 nus
163 2448 193 2500 et
207 2439 361 2515 Avernus,
382 2442 462 2501 iaxta
484 2458 570 2518 quem
585 2438 768 2501 Cimmerium
790 2442 926 2520 oppidum
947 2438 1099 2519 quondam,

93 2523 160 2583 dein
182 2521 297 2582 Puteoli
325 2523 440 2584 colonia
458 2523 656 2584 Dicaearchea
682 2524 768 2601 dicti,
795 2533 922 2603 postque
942 2523 1098 2600 Phlegraei

93 2608 202 2683 campi,
218 2604 380 2667 Acherusia
395 2606 478 2686 palus
496 2605 592 2668 Cumis
608 2609 712 2669 uicina.
743 2609 832 2669 litore
848 2614 944 2668 autem
957 2606 1143 2685 Neapolis02

94 2688 326 2750 Chalcidensium
343 2699 373 2750 et
384 2693 458 2769 ipsa,
471 2690 657 2771 Parthenope
669 2709 685 2752 a
696 2691 804 2753 tornulo
817 2692 930 2753 Sirenis
942 2691 1098 2770 appellata,

58 2772 324 2851 coHerculancum,
340 2774 461 2854 Pompei
477 2774 551 2836 haud
569 2776 673 2855 procul
688 2779 821 2856 spectato
839 2784 937 2837 monte
953 2775 1097 2851 Vesuvio,

93 2858 230 2918 adluente
246 2877 318 2919 vero
334 2860 428 2921 Sarno
446 2877 547 2937 amne,
566 2877 638 2936 ager
654 2858 817 2922 Nucerinus
841 2870 871 2922 et
891 2878 997 2921 novem
1020 2858 1098 2919 milia

93 2960 229 3017 passuum
251 2960 268 3003 a
288 2945 358 3003 mari
379 2945 444 3022 ipsa
464 2942 607 3020 Nuceria,
625 2943 794 3006 Surrentum
815 2963 880 3006 cum
897 2943 1098 3022 promunturio

93 3023 242 3085 Minervae
257 3025 391 3087 Sirenum
412 3026 556 3106 quondam
579 3027 659 3088 sede.
690 3030 837 3106 navigatio
858 3047 874 3087 a
891 3025 1012 3089 Cerceis
1028 3025 1098 3086 duo·

94 3107 281 3186 deootoginta
301 3111 378 3170 milia
400 3128 536 3189 passuum
557 3119 647 3189 patet.
677 3111 774 3192 Regio
795 3131 832 3174 ea
852 3130 868 3171 a
886 3111 985 3171 Tiberi
1006 3110 1143 3189 primodo

58 3213 86 3253 aa
95 3191 197 3252 ltaliae
213 3202 347 3253 servatur
361 3213 401 3254 ex
415 3194 616 3274 descriptione
630 3192 764 3274 Augusti
799 3196 879 3256 lntus
893 3194 1026 3256 coloniae
1044 3192 1097 3256 Ca·

59 3354 61 3362 1
94 3294 149 3353 pua
161 3275 197 3335 ab
209 3275 258 3335 XL
271 3275 300 3336 M
311 3295 390 3356 pass.
406 3295 508 3357 campo
523 3280 610 3357 dicta,
622 3279 778 3358 Aquinum,
793 3279 912 3357 Suessa,
928 3278 1097 3357 Venafrum,

94 3359 178 3436 Sora,
192 3359 318 3419 Teanum
330 3360 487 3422 Sidicinum
497 3365 682 3442 cognomine,
694 3362 778 3423 Nola.
801 3363 907 3442 oppida
919 3363 1097 3441 Abellinum,

93 3440 204 3516 Aricia,
219 3443 296 3505 Alba
307 3442 418 3525 Longa,
429 3444 583 3527 Acerrani,
598 3447 731 3526 Allifani,
744 3447 891 3528 Atinates,
906 3447 1101 3529 Aletrinates,
1150 3512 1156 3521 ,
