2400 3856
112 153 135 218 8
451 166 483 216 c.
504 167 600 214 emur
623 166 772 215 sncuunr

115 342 282 400 summaque
301 341 368 382 cura
389 341 427 382 ne
448 321 592 398 legendas
614 339 668 381 eus
685 320 810 380 haberes
829 336 948 396 operam
969 316 1045 378 dedi.
1082 316 1128 380 'ln

115 425 170 486 per
186 408 242 466 boc
259 415 289 467 et
304 409 368 465 aliis
386 407 551 483 praestabis
567 425 605 465 ne
619 405 791 482 perlegant,
806 405 872 479 sed,
889 410 920 461 nt
937 403 1062 479 quisque
1077 401 1128 462 de·

115 491 258 551 siderabit
274 490 401 568 aliquid,
425 490 452 548 id
470 499 576 548 tantum
596 497 717 567 quaerat
739 497 769 548 et
790 489 863 548 sciat
884 503 942 564 quo
962 485 1030 545 luco
1046 487 1128 547 inre·
1182 532 1185 539 .

116 578 185 634 niat.
222 574 285 633 Hoc
298 583 365 633 ante
386 592 431 633 me
448 575 518 632 lecit
539 576 566 632 in
590 573 697 632 litteris
716 575 825 633 nostris
846 571 983 632 Valerius
998 568 1128 632 Soranus

115 659 244 719 inlibris
261 676 335 737 quos
351 653 542 719 ἐποπτίδων
559 658 716 736 inscripsit.
1136 663 1151 708 t

520 844 721 856 ——-.-—-

383 994 419 1076 G.
450 995 600 1076 PblNl
633 992 864 1076 stultiut

232 1147 604 1241 ddllllldbll
644 1142 1014 1241 ttttttttlttt

498 1309 684 1375 ulssuu
719 1309 746 1376 1.

546 1465 699 1476 ——w—

181 1566 270 1627 Libro
284 1567 320 1626 lt.
340 1568 540 1627 continentur:
570 1567 622 1646 (1)
638 1565 684 1624 An
703 1566 798 1625 linitus
813 1565 933 1624 mundus
950 1572 980 1625 et
996 1583 1031 1624 an
1047 1582 1130 1624 unus.

119 1649 170 1730 (2)
188 1652 223 1710 de
240 1655 332 1710 torma
349 1654 420 1710 eius.
449 1649 500 1728 (3)
513 1650 548 1710 de
564 1660 653 1709 motu.
675 1667 726 1708 cur
737 1649 857 1708 mundus
871 1649 992 1709 dicatur.
1018 1646 1071 1727 (4)
1085 1649 1130 1709 Dc
1140 1666 1165 1708 10

120 1736 285 1795 elementis.
325 1735 377 1814 (5)
401 1734 445 1794 De
469 1734 536 1794 deo.
569 1732 619 1813 (6)
638 1734 683 1793 De
701 1733 827 1792 siderum
843 1735 998 1793 errantium
1019 1742 1130 1793 natura.

120 1819 171 1897 (7)
188 1820 223 1878 de
243 1819 326 1879 lunae
343 1829 374 1879 et
390 1819 463 1876 solis
482 1819 657 1879 defectibus.
690 1818 726 1876 de
742 1827 838 1877 nocte.
871 1815 922 1895 (8)
940 1817 975 1876 de
989 1818 1132 1892 magnitu-

103 1905 187 1964 dine
206 1904 342 1963 siderum.
381 1900 426 1977 (9.
445 1901 500 1981 10)
523 1921 597 1982 quae
622 1904 686 1979 quis
705 1903 851 1961 invenerit
870 1904 898 1960 iu
921 1900 1132 1960 observatione

120 1987 252 2047 caelesti.
275 1987 356 2065 Ι(11)
374 1987 409 2046 de
428 1986 512 2045 lunae
534 1995 623 2045 motu.
656 1983 728 2065 (12)
750 1984 912 2044 Errantium
928 1993 1023 2043 motus
1042 1993 1073 2043 et
1090 1984 1132 2042 ln-

119 2073 224 2130 minum
241 2073 387 2128 canonica.
424 2067 489 2147 (13.
511 2069 565 2147 14)
589 2088 679 2145 quare
700 2069 800 2129 eadem
823 2069 928 2128 altiora
945 2072 1039 2144 nlius,
1059 2067 1166 2130 eliasu

120 2155 261 2233 propiora
279 2154 441 2211 videantur.
471 2152 544 2231 (15)
561 2153 704 2211 catholica
722 2153 847 2212 siderum
865 2154 1029 2212 errantium.
1057 2150 1131 2230 (16)

121 2255 195 2315 quae
213 2238 288 2295 ratio
307 2236 425 2294 colores
445 2253 545 2294 eorum
568 2245 666 2295 mutet.
700 2235 773 2315 (17)
796 2237 867 2296 solis
887 2246 992 2296 motus.
1020 2236 1133 2296 dierum

120 2321 335 2397 inaequalitatis
361 2322 444 2378 ratio.
481 2317 554 2398 (18)
577 2316 673 2390 Quare
701 2322 817 2380 fulmina
842 2323 903 2384 lovi
931 2320 1131 2396 adsignentur.

122 2404 195 2483 (19)
214 2403 368 2463 Intervalla
385 2404 522 2462 siderum.
553 2402 625 2482 (20)
641 2404 678 2464 de
694 2405 839 2465 sideribus
857 2407 975 2468 musica.
1005 2401 1077 2482 (21)
1095 2405 1133 2464 de
1156 2440 1165 2455 ·

121 2490 226 2550 mundo
243 2486 433 2566 geumetrica.
459 2486 525 2565 (22.
541 2485 598 2567 23)
614 2488 659 2548 De
672 2490 833 2568 repentinis
852 2488 1007 2548 sideribus.
1035 2488 1071 2548 de
1084 2507 1166 2555 coco

121 2576 218 2633 metis.
248 2582 347 2630 natura
366 2583 395 2632 et
410 2575 483 2631 situs
501 2581 531 2631 et
546 2592 657 2650 genera
671 2591 780 2633 eorum.
808 2570 881 2652 (24)
897 2570 1081 2650 Hipparchea
1096 2572 1133 2632 de

122 2657 269 2717 sideribus
291 2657 496 2731 agnoscendis.
541 2655 614 2735 (25)
636 2656 681 2716 De
707 2656 885 2716 caelestibus
908 2656 1051 2734 prodigiis
1078 2652 1134 2735 per

123 2740 259 2815 exempla
281 2740 430 2799 historica.
464 2740 561 2814 faces,
585 2741 750 2816 lampades,
774 2740 909 2816 bolides,
941 2737 1014 2818 (26)
1034 2740 1135 2799 trabes

122 2824 281 2897 caelestes,
302 2824 415 2881 chasma
431 2825 516 2884 caeli.
543 2822 614 2902 (27)
628 2823 672 2883 De
689 2823 762 2883 caeli
778 2824 938 2883 coloribus.
969 2824 1006 2882 de
1023 2823 1134 2884 llamma

123 2908 256 2967 caelesti.
283 2904 348 2981 (28.
366 2905 423 2985 29)
441 2909 477 2968 de
493 2909 611 2968 coronis
627 2907 817 2968 caelestibus.
844 2908 882 2967 de
896 2906 1013 2967 circulis
1028 2926 1167 2986 repen-cs

123 2995 201 3052 tinis.
237 2989 309 3070 (31)
331 2991 433 3051 Plures
454 2993 543 3052 soles.
575 2989 648 3071 (32)
669 2993 768 3069 plures
792 2993 886 3052 lunae.
926 2989 999 3070 (33)
1022 2991 1135 3051 dierum
1176 3028 1178 3033 ·

122 3077 258 3136 noctibus
274 3077 331 3134 lux.
366 3075 438 3155 (34)
462 3077 550 3153 clipei
573 3076 720 3136 ardentes.
752 3074 809 3155 35)
829 3084 975 3135 ostentum
996 3075 1071 3134 caeli
1089 3095 1135 3135 se·

122 3162 179 3220 mel
198 3170 327 3218 natatum
377 3159 449 3239 (36)
470 3160 515 3218 De
536 3159 666 3218 discursu
685 3160 844 3222 stellarum.
882 3158 954 3238 (37)
975 3157 1021 3219 De
1038 3159 1134 3220 stellis

123 3263 198 3320 quae
217 3242 359 3304 Castores
384 3252 530 3303 vocantur.
569 3241 643 3321 (38)
665 3242 711 3303 De
730 3262 801 3303 aere
825 3252 855 3303 et
876 3262 966 3320 qrrare
988 3242 1135 3320 lapidibus

123 3327 211 3404 pluat.
249 3327 417 3407 (39-41)
433 3328 477 3387 De
498 3328 582 3385 statis
602 3328 821 3403 tempestatibus
844 3321 917 3411 (40.
932 3328 969 3386 de
985 3327 1169 3391 caniculaeau

123 3419 200 3471 ortu.
235 3410 285 3472 41.
305 3413 349 3471 vis
367 3421 528 3491 temporum
546 3412 611 3471 anui
630 3409 738 3500 stata).
770 3409 843 3492 (42)
866 3411 910 3472 De
926 3412 1047 3473 incertis
1062 3421 1134 3472 tenr-
