2400 3856
105 170 168 235 222
450 180 482 231 c.
504 181 600 229 amru
623 159 772 234 shounm

55 349 90 404 aa
172 337 220 400 10.
240 335 323 416 (11.)
339 336 395 395 Per
408 335 556 413 planitiem
575 353 688 396 omnem
706 355 721 395 a
738 333 816 410 Cyro
834 353 926 415 usque
941 335 1124 400 Albanorum

106 441 180 499 gens
204 430 300 496 tenet,
322 437 391 478 mox
406 418 544 479 Hiberum
566 419 693 480 discreta
712 419 748 480 ab
770 418 814 479 his
836 438 917 481 amne
936 419 1071 482 Ocazane
1093 425 1124 483 in

17 539 20 543 ·
110 504 217 582 Cyrum
228 503 374 564 Caucasiis
386 503 531 563 montibus
545 502 702 565 defluente.
729 504 900 582 praevalent
912 505 1019 584 oppida
1031 506 1122 566 Alba·

108 593 173 650 niae
183 587 335 663 Cabalaca,
348 586 485 648 Hiberiae
492 586 661 648 Hermastus
673 591 752 648 iuxta
765 588 881 665 flumen,
891 587 1009 649 Neoris.
1034 593 1121 668 regio

108 673 216 733 Thasie
241 681 271 734 et
287 672 409 732 Thriare
434 690 525 751 usque
544 671 578 731 ad
593 670 771 733 Parihedros
789 681 913 732 montes.
941 671 1030 751 Jlltra
1054 683 1156 734 sunto

109 755 265 818 Colchicae
287 755 477 832 solitudines,
502 774 620 835 quarum
638 773 654 815 a
673 756 767 816 latere
790 755 824 816 ad
847 753 1008 816 Ceraunios
1030 776 1121 818 verso

107 840 378 917 Armenochalybes
394 839 524 899 habitant
543 848 572 899 ct
593 838 778 900 Moschorum
799 847 908 900 tractus
929 841 964 900 ad
979 839 1122 901 Hiberum

107 943 219 985 amnem
237 927 266 984 in
282 922 388 1001 Cyrum
404 924 580 984 defluentem
593 932 623 983 et
639 925 713 984 inira
738 941 790 983 eos
808 923 944 984 Sacasani
966 933 997 984 et
1013 924 1122 986 deinde

106 1008 280 1070 Macerones
311 1008 347 1067 ad
376 1007 482 1068 humen
511 1006 680 1067 Absarrum.
731 1007 780 1068 Sic
807 1008 892 1086 plana
924 1016 972 1067 aut
1004 1008 1122 1068 devexa

108 1095 287 1173 optinentur.
320 1110 421 1152 rursus
437 1091 474 1150 ab
490 1089 633 1151 Albaniae
648 1092 775 1152 confinio
791 1100 851 1150 tota
867 1093 1004 1151 montium
1019 1092 1121 1153 fronte
1133 1109 1159 1151 rc

106 1186 212 1254 gentes
234 1175 379 1235 Siluorum
402 1174 501 1251 ierac,
533 1181 564 1233 ct
591 1175 664 1235 iutra
687 1173 897 1254 Lupeniorum,
924 1192 994 1235 mox
1016 1174 1121 1236 Diduri

107 1269 137 1319 et
153 1259 244 1319 Sodii.

56 1353 89 1407 30
170 1342 217 1403 11.
237 1340 322 1422 (12.)
338 1343 384 1404 Ab
400 1344 437 1403 iis
449 1351 516 1403 sunt
526 1351 631 1422 portae
644 1340 801 1404 Caucasiae
813 1361 918 1422 magno
932 1361 1037 1404 errore
1050 1343 1122 1403 mul·

107 1428 144 1487 tis
162 1425 287 1505 Caspiae
304 1427 417 1505 dictae,
434 1429 539 1504 ingens
556 1435 675 1487 naturae
694 1444 768 1506 opus
782 1427 928 1488 montibus
944 1428 1120 1505 interruptis
1155 1430 1162 1441 ‘

106 1520 249 1591 repente,
272 1512 319 1572 ubi
340 1512 422 1571 iores
445 1510 563 1572 obditae
582 1511 700 1571 ferratis
720 1511 869 1588 trabibus,
891 1512 994 1571 subter
1007 1511 1120 1571 medias
1134 1525 1158 1568 15

106 1614 189 1655 amne
208 1594 262 1655 diri
280 1596 378 1656 odoris
395 1595 503 1655 fluente
521 1597 652 1672 citraque
667 1597 697 1654 iu
713 1613 786 1673 rupe
802 1594 925 1655 castello
939 1594 1016 1671 quod
1033 1611 1120 1655 voca·

105 1687 153 1739 tur
168 1676 304 1739 Cumania
314 1681 479 1738 conmunito
494 1678 529 1738 ad
540 1678 680 1741 arcendas
691 1681 813 1738 transitu
824 1687 929 1756 gentes
942 1679 1120 1755 innumeras,

105 1763 146 1822 ibi
166 1762 224 1821 loci
248 1771 388 1825 terrarum
409 1763 481 1822 orbe
503 1764 597 1840 portis
620 1761 765 1836 discluso,
791 1782 830 1823 ex
852 1763 977 1823 adverso
993 1764 1119 1822 maxime

105 1845 249 1906 llcrmasti
272 1848 371 1926 oppidi
392 1846 539 1908 Hiberum.
585 1847 612 1906 A
633 1849 726 1925 portis
748 1846 896 1907 Caucasiis
924 1865 979 1925 per
1002 1854 1119 1906 montes

107 1928 271 2005 Gordynios
288 1931 377 2008 Valli,
393 1931 492 2006 Suavi,
508 1932 664 1991 indomitae
679 1940 796 2007 gentes,
813 1932 873 1990 auri
891 1939 986 1990 tamen
1000 1929 1156 1990 metallan

105 2014 226 2072 fodiunt.
255 2014 291 2073 ab
306 2015 351 2075 his
367 2015 401 2074 ad
415 2015 538 2088 Pontum
554 2032 646 2091 usque
662 2012 878 2075 heniochorum
895 2013 979 2092 plura
994 2031 1119 2090 genera,

106 2114 174 2156 mox
188 2097 380 2158 Achaeorum.
416 2097 459 2157 lta
478 2098 620 2158 sehabet
642 2106 785 2159 terrarum
806 2101 884 2158 sinus
901 2117 917 2156 e
937 2098 1117 2175 clarissimis.

53 2190 85 2242 31
105 2179 204 2258 Aliqui
228 2182 305 2239 inter
326 2181 448 2240 Pontum
474 2189 504 2241 ct
526 2178 661 2257 Caspium
682 2199 761 2242 mare
784 2179 967 2241 CCCLXXV
987 2179 1016 2240 Μ
1040 2199 1117 2258 pass.

105 2281 163 2323 uon
182 2264 303 2341 amplius
318 2266 466 2325 interesse
483 2263 678 2341 tradiderunt,
701 2263 855 2326 Cornelius
872 2264 974 2345 Nepos
991 2262 1063 2326 CCL
1078 2262 1118 2323 Μ.

105 2349 192 2407 tantis
205 2348 310 2408 iterum
322 2351 463 2426 angustiis
477 2350 630 2409 infestatur
643 2348 722 2410 Asia.
743 2346 878 2410 Claudius
892 2347 1000 2409 Caesar
1012 2365 1028 2407 a
1041 2346 1116 2408 Cim·
1130 2361 1154 2404 aa

104 2433 197 2492 merio
209 2431 345 2511 Bosporo
361 2434 396 2493 ad
416 2431 550 2514 Caspium
565 2451 644 2492 mare
667 2430 712 2492 Ch
728 2433 757 2492 M
776 2433 919 2513 prodidit,
941 2450 1035 2510 eaque
1051 2451 1117 2510 per·

104 2516 208 2576 fodere
224 2519 372 2593 cogitasse
387 2516 554 2578 Nicatorem
570 2516 723 2577 Seleucum
739 2535 797 2596 quo
813 2526 947 2595 ternpore
963 2519 1002 2575 sit
1017 2533 1034 2575 a
1049 2514 1119 2575 Pto·

104 2599 219 2659 lomaeo
245 2597 378 2661 Cerauno
399 2603 579 2663 interiectus.
620 2618 635 2659 a
656 2603 752 2680 portis
771 2598 918 2662 Caucasiis
940 2599 975 2660 ad
992 2598 1118 2672 Pontum

106 2679 155 2762 CC
168 2682 197 2741 Μ
212 2701 289 2760 pass.
307 2703 375 2745 esse
393 2693 508 2746 constat
524 2686 597 2745 fere.

53 2775 88 2829 32
169 2764 216 2826 12.
241 2764 323 2845 (13.)
346 2768 462 2828 Insulae
484 2771 513 2827 in
536 2768 629 2828 Ponto
650 2768 785 2830 Planctac
806 2770 870 2830 sive
893 2767 1028 2843 Cyaneae
1051 2769 1154 2828 sivero

16 2910 25 2923 ³
105 2849 327 2929 Symplegades.
356 2850 460 2912 deinde
475 2851 634 2928 Apollonia
650 2851 776 2928 Thynias
792 2853 882 2928 dicta,
906 2860 937 2912 ut
955 2852 1118 2928 distingue-

104 2943 185 2994 retur
197 2935 232 2995 ab
250 2953 284 2994 ea
300 2952 375 3012 quae
388 2944 434 2996 est
446 2933 613 3013 in'duropa.
642 2936 728 2995 distat
744 2939 912 2996 continente
927 2934 1063 3014 passibus
1075 2934 1115 3011 Μ,

104 3019 228 3096 cingitur
239 3017 280 3079 111
294 3017 331 3079 Μ.
356 3028 385 3079 et
398 3028 501 3080 contra
511 3017 705 3080 Pharnaceam
716 3019 901 3096 Chalceritis,
914 3036 997 3097 quam
1011 3016 1116 3078 Graeci

104 3102 203 3164 Ariam
218 3103 354 3163 dixerunt
367 3103 511 3182 Martique
528 3121 653 3180 sacram,
678 3111 708 3164 et
724 3105 753 3164 in
773 3123 808 3165 ca
829 3103 966 3164 volucres
990 3119 1053 3162 cum
1069 3100 1117 3161 ad-

103 3189 187 3247 venis
207 3206 354 3267 pugnasse
370 3189 518 3267 pinnarum
533 3189 602 3248 ictu.
1128 3197 1154 3241 tt

51 3277 88 3330 33
168 3269 215 3333 13.
234 3268 317 3349 (14.)
333 3270 416 3334 Nunc
432 3271 563 3331 omnibus
580 3280 738 3349 quaesunt
755 3272 846 3331 Asiae
866 3271 1008 3330 interiora
1028 3269 1115 3329 dictis

102 3351 234 3431 Ripaeos
256 3365 370 3416 montes
386 3355 571 3417 transcendat
586 3357 695 3415 animus
718 3355 879 3433 dextraque
902 3355 989 3413 litore
1011 3353 1117 3413 oceani

104 3437 228 3498 incedat.
261 3438 366 3501 Tribus
382 3441 429 3501 hic
445 3459 462 3501 e
478 3439 608 3519 partibus
625 3439 698 3500 caeli
714 3439 834 3500 adluens
850 3439 951 3499 Asiam
961 3435 1116 3514 Scythicus
