2400 3856
342 197 422 246 nar.
438 199 527 247 assu.
544 199 579 246 11.
602 192 721 247 att—aa.
738 192 885 261 (au-95.)
1061 186 1120 249 111

113 371 196 414 rasso
213 352 317 431 quibus
332 371 370 412 ex
385 352 429 412 his
447 352 530 413 cibus
545 352 659 414 inisset.
682 352 732 414 Sic
748 363 778 414 et
793 354 977 416 Pithecussas
993 357 1024 415 in
1040 352 1120 415 Cam·

97 433 189 517 ⁴pano
207 437 271 495 sinu
285 436 382 496 ferunt
401 445 492 513 ortas,
508 453 577 496 mox
591 438 621 496 in
635 437 680 496 his
696 446 823 498 montem
837 437 980 518 Epopon,
995 456 1059 499 cum
1074 459 1121 499 re·

113 529 202 601 pente
218 520 327 580 flamma
339 539 377 580 ex
391 538 429 581 00
441 521 620 598 emicuisset,
637 525 791 600 campestri
808 531 960 602 aequatum
972 523 1120 602 planitiae.

112 608 142 664 in
161 604 262 665 eadem
278 612 308 663 et
323 603 460 683 oppidum
473 604 606 665 haustum
621 605 776 684 profundo,
793 606 911 685 alioque
926 614 1007 666 motu
1022 615 1120 666 terrae

89 697 245 765 ostagnum
262 690 436 766 emersisse,
460 697 490 748 01
512 688 570 748 1110
586 689 753 766 provolutis
768 689 915 750 montibus
934 689 1056 750 insulam
1071 706 1121 749 cx-

39 797 41 802 ’
113 774 226 833 stitisse
244 771 425 848 Prochytam.

176 853 260 934 (90.)
281 855 411 932 Namque
428 865 457 915 et
477 855 533 916 hoo
550 856 636 916 modo
652 858 761 920 insulas
782 876 878 918 rerum
897 865 997 917 natura
1019 858 1165 916 10111204

112 939 214 1001 avellit
229 939 356 1000 Siciliam
376 939 494 1017 ltaliae,
515 938 641 1019 Cyprum
657 941 778 1020 Syriae,
798 939 949 1001 Euboeam
965 940 1122 1018 Boeotiae,
1147 1008 1149 1013 ,

112 1023 254 1084 Euboeae
270 1023 427 1084 Atalanten
444 1033 473 1083 et
489 1023 637 1102 Macrian,
653 1024 808 1086 Besbicnrn
822 1024 992 1103 Bithyniae,
1008 1024 1121 1085 Leuco-

77 1111 183 1170 sesiam
199 1107 331 1169 Sirenum
345 1109 558 1185 promunturio.

175 1189 224 1254 89.
241 1189 325 1270 (91.)
349 1191 460 1252 Rursus
481 1192 600 1252 abstulit
625 1193 734 1254 insulas
753 1195 824 1255 mari
847 1195 999 1274 iunxitque
1019 1194 1120 1271 terris,

112 1277 261 1336 Antissam
275 1275 390 1352 Lesbo,
412 1273 587 1354 Zephyrium
607 1274 813 1354 Halicarnaso,
833 1277 985 1339 Aethusan
999 1276 1119 1356 Myndo,

112 1360 287 1420 Dromiscon
306 1367 337 1419 et
357 1358 472 1419 Pernen
493 1357 613 1436 Mileto,
641 1359 849 1421 Narthecusam
869 1357 1025 1423 Parthenio
1053 1380 1120 1442 pro-

110 1445 266 1504 munturio.
300 1441 438 1519 Hybanda
459 1443 601 1520 quondam
622 1443 715 1503 insula
736 1444 836 1504 Ioniae
853 1441 901 1503 CC
920 1463 994 1506 nunc
1017 1447 1120 1506 amari

11 1549 14 1553 ·
77 1545 103 1586 10
112 1528 198 1588 abest
214 1528 323 1588 stadiis.
358 1527 463 1604 Syrien
477 1525 613 1605 Ephesus
630 1528 660 1587 in
674 1527 889 1589 mediterraneo
905 1528 1011 1604 habet,
1029 1529 1120 1590 Dera·

114 1610 191 1672 sidas
213 1620 243 1671 et
259 1611 453 1690 Sapphoniam
468 1613 563 1672 vicina
581 1613 608 1672 01
627 1609 788 1690 Magnesia.
826 1611 989 1691 Epidaurus
1011 1608 1120 1670 01011-

113 1714 176 1755 cum
193 1695 306 1755 insulae
324 1714 392 1756 esse
409 1696 566 1757 desierunt.

172 1777 223 1842 90.
247 1776 328 1858 (92.)
349 1778 382 1838 ln
400 1788 491 1840 toturn
509 1780 627 1841 abstulit
650 1787 744 1840 terras
768 1781 889 1858 primum
910 1779 1034 1838 omniurn
1052 1777 1162 1838 uhtaus

29 1869 35 1877 '
112 1863 290 1925 Atlanticum
306 1872 470 1939 marceat,
493 1865 518 1922 si
539 1864 652 1923 Platoni
676 1862 835 1940 credimus,
859 1863 992 1922 inmenso
1011 1864 1118 1941 spatio.

78 1962 180 2007 aomox
196 1948 330 2025 interno,
352 1965 425 2024 quae
443 1946 570 2006 videmus
585 1945 690 2022 hodie,
710 1963 833 2005 mersam
848 1944 1039 2006 Acarnaniam
1054 1946 1120 2005 Am·

113 2033 213 2092 bracio
230 2033 305 2108 sinu,
322 2030 459 2090 Achaiam
475 2026 637 2107 Corinthio,
653 2027 800 2108 Europam
814 2028 973 2109 Asiamque
991 2031 1121 2109 Propon·

113 2115 173 2176 tide
191 2124 221 2176 et
242 2114 348 2175 Ponto.
377 2114 412 2174 ad
434 2115 491 2173 hoc
512 2116 645 2194 perrupit
665 2132 745 2174 mare
761 2113 910 2192 Leucada,
929 2114 1119 2192 Antirrhium,

114 2197 356 2277 Hellespontum,
370 2197 522 2276 Bosporos
537 2197 618 2258 duos.
667 2269 669 2274 ,

177 2281 225 2344 91.
245 2280 326 2360 (93.)
348 2281 445 2359 Atque
462 2289 493 2341 ut
508 2282 608 2342 sinuus
624 2291 656 2342 et
672 2292 774 2360 stagna
789 2291 988 2362 praeteream,
1007 2286 1069 2361 ipsa
1085 2301 1119 2343 se

79 2381 105 2422 10
114 2365 226 2429 comest
251 2373 338 2424 terra,
376 2364 530 2424 devoravit
551 2361 685 2425 Cibotum
711 2365 880 2426 altissimum
902 2375 1029 2426 montem
1056 2384 1119 2424 oum

114 2449 223 2530 oppido
241 2445 369 2524 Garyce,
387 2447 518 2525 Sipylum
532 2448 562 2507 in
575 2447 725 2526 Magnesia
741 2457 772 2509 et
785 2450 866 2527 prius
884 2451 913 2507 in
930 2448 1034 2508 eodem
1052 2449 1118 2508 1010

114 2533 302 2594 clarissimam
323 2530 425 2590 urbem
442 2548 516 2607 quae
532 2530 660 2592 Tantalis
676 2533 852 2608 vocabatur,
875 2530 1001 2592 Galenes
1019 2541 1049 2592 01
1067 2529 1120 2592 Ga·

113 2617 204 2677 lames
219 2615 330 2674 urbium
344 2615 373 2674 in
391 2615 540 2677 Phoenice
555 2633 643 2694 agros
661 2635 723 2677 oum
738 2618 823 2695 ipsis,
839 2615 980 2694 Phegium
995 2615 1119 2676 Aethio·

111 2690 178 2780 piae
196 2702 293 2778 iugum
310 2698 558 2778 excelsissimum,
580 2708 720 2780 tamquam
736 2717 794 2761 non
816 2700 901 2760 iniida
915 2709 1119 2779 grassarentur

78 2814 104 2854 30
113 2795 143 2846 et
160 2784 255 2846 litora.
368 2823 371 2829 -

176 2867 330 2949 91194.)
354 2869 492 2948 Pyrrham
513 2879 544 2931 et
563 2870 711 2929 Antissam
733 2871 809 2930 circa
830 2869 968 2930 Maeotim
989 2870 1098 2929 Pontus
1111 2876 1161 2928 206

114 2953 245 3029 abstulit,
265 2952 388 3014 helicen
404 2962 435 3014 'et
452 2953 555 3013 Buram
570 2955 648 3012 sinus
666 2950 849 3030 Corinthius,
872 2972 989 3031 quarum
1010 2954 1038 3011 in
1058 2952 1117 3012 alto

113 3037 239 3113 vestigia
256 3046 403 3115 apparent.
434 3056 472 3097 ex
489 3036 583 3096 insula
601 3032 660 3096 Cea
681 3037 802 3115 amplius
818 3039 936 3114 triginta
955 3035 1031 3094 milia
1053 3053 1117 3112 pas·

113 3137 194 3180 suurn
210 3118 332 3197 abrupta
348 3120 445 3180 subito
460 3138 523 3180 curn
539 3120 668 3199 plurimis
682 3121 845 3182 mortalium
860 3121 966 3197 rapuit,
985 3120 1058 3177 etin
1074 3118 1118 3177 Si-

78 3204 179 3263 oaoilia
200 3202 343 3262 dimidiam
357 3201 518 3278 Tyndarida
533 3203 634 3263 urbem
655 3221 689 3264 ac
710 3203 846 3282 quicquid
863 3202 899 3262 ab
917 3201 999 3262 ltalia
1022 3201 1118 3280 deest,

112 3286 247 3348 similiter
262 3289 291 3346 in
308 3285 433 3346 Boeotia
450 3285 597 3348 Eleusina.

175 3368 224 3432 93.
238 3366 319 3449 (95.)
332 3367 447 3429 Mutuus
460 3372 535 3431 enim
547 3380 644 3431 101110
656 3371 796 3430 sileantur
813 3378 842 3430 01
858 3369 994 3448 quicquid
1009 3378 1055 3430 est
1068 3369 1115 3429 ubi

112 3453 215 3515 saltem
232 3454 316 3514 busta
331 3453 443 3514 urbium
459 3463 585 3534 exstant,
606 3453 689 3514 simul
706 3462 736 3513 ut
753 3461 852 3514 terrae
866 3454 1001 3515 miracula
1018 3455 1115 3533 potius
