2400 3856
98 176 158 241 128
439 193 470 241 o.
491 193 586 240 rursu
609 193 757 242 secunus

98 357 222 423 denses,
239 345 466 424 Gessorienses,
488 347 573 408 Teani
597 349 644 425 qui
666 347 826 424 Iulienses,
849 349 1103 426 stipendiariorum

54 439 88 489 24
98 431 347 510 Aquicaldenses,
365 431 573 502 Aesonenses,
595 431 840 492 Baeculonenses.
877 430 921 497 [2.]
944 430 1103 492 Caesarau-

96 524 183 593 gusta
204 515 319 575 colonia
334 516 456 575 inmunis
472 532 554 575 amne
571 511 678 571 llibero
692 512 791 572 adfusa
805 514 853 572 nbi
866 515 1002 592 oppidum
1016 525 1102 580 antea

97 599 255 659 vocabatur
267 598 402 676 Salduba,
416 599 546 676 regionis
556 596 726 675 Edetaniae,
739 599 844 676 recipit
855 598 982 677 populos
990 599 1051 676 LV,
1065 619 1103 660 ex

97 682 141 742 his
156 683 260 743 ciuium
273 684 468 743 Romanorum
485 681 665 759 Beblitanos,
682 679 841 742 Celsenses
857 699 895 741 ex
906 682 1033 759 colonia,
1049 682 1124 752 Car

53 796 55 800 Α
97 766 291 844 lagurritanos
304 769 352 845 qui
364 765 463 826 Nasici
478 767 729 842 cognominantur,
741 764 909 826 llerdenses
922 764 1103 827 Surdaonum

96 853 194 928 gentis
211 853 290 910 iuxta
309 868 382 931 quos
402 848 512 910 Sicoris
528 848 643 926 fluvius,
659 847 807 909 Oscenses
822 850 953 925 regionis
968 849 1106 912 Vcsseta·

96 935 172 1011 niae,
185 935 427 995 Turiasonenses.
446 933 610 992 Latinorum
625 941 757 992 veterum
771 929 995 1011 Cascantenses,
1010 933 1101 1012 Erga·

95 1015 699 1095 vicenses,Graccuritanos,leonicenses,
710 1014 952 1094 Ossigerdenses.
968 1017 1101 1078 foedera·

96 1109 142 1160 tos
155 1101 364 1178 Tarragenses.
385 1100 588 1178 stipendiarios
601 1100 850 1178 Arcobrigenses,
862 1099 1134 1178 Andelonenses,1o

95 1184 312 1262 Aracelitanos,
327 1185 559 1261 Bursaoncnses,
579 1181 816 1262 Calagurritanos
831 1185 879 1262 qui
891 1184 1098 1244 Fibularenses

96 1271 346 1346 cognominantur,
366 1266 593 1347 Conplutenses,
615 1265 773 1345 Carenses,
791 1266 977 1346 Cincienses,
995 1265 1100 1328 Corto-

97 1370 220 1430 nenses,
236 1352 456 1429 Damanitauos,
473 1350 670 1430 lspallenses,
691 1351 876 1429 llursenses,
893 1351 1100 1431 llubcritanos,

53 1443 86 1494 25
98 1435 270 1514 Lacetanos,
282 1435 446 1513 Libienses,
459 1435 720 1513 Pompelonenses,
733 1435 905 1511 Segiensos.
925 1434 969 1502 [a]
983 1433 1100 1497 Cartha-

95 1523 192 1598 ginem
207 1523 383 1581 conveniunt
400 1520 500 1599 populi
516 1518 594 1578 LXV
612 1521 745 1597 exceptis
757 1518 912 1580 insularum
927 1519 1041 1582 incolis.
1063 1540 1134 1585 exus

95 1606 210 1666 colonia
224 1606 363 1664 Accitana
379 1601 581 1663 Gemellenses
594 1612 624 1663 et
635 1603 808 1663 libisosona
823 1605 996 1679 cognomine
1009 1603 1101 1663 Foro-

34 1691 37 1696 “
94 1699 264 1766 augustana,
281 1688 384 1766 quibus
401 1688 510 1747 duabus
526 1690 570 1746 ins
587 1686 689 1747 ltaliae
705 1687 815 1764 datum,
833 1706 871 1747 ex
891 1687 1007 1747 colonia
1022 1687 1101 1748 Sala·

97 1776 194 1834 riense
209 1773 344 1851 oppidani
357 1771 420 1832 Lati
432 1772 543 1831 veteris
558 1769 787 1831 Castulonenses
800 1772 848 1849 qui
859 1769 1099 1832 Caesarirenales

93 1857 287 1936 appellantur,
295 1855 473 1916 saetabitani
486 1857 533 1932 qui
542 1854 716 1934 Augustani,
724 1854 925 1915 Valericnses.
945 1855 1101 1937 stipendia·

95 1943 203 2001 riorum
218 1950 313 2000 autem
332 1939 518 2000 celeberrimi
531 1939 745 2017 Alabanenses,
763 1939 918 2015 Bastitani,
936 1937 1134 2003 Consabur·ao

94 2043 209 2100 renses,
225 2022 399 2099 Dimenses,
416 2022 599 2099 Egelestani,
614 2023 776 2099 llorcitani,
792 2022 970 2098 laminitani,
989 2021 1099 2082 lllente-

95 2109 156 2167 sani
175 2109 223 2184 qui
242 2115 274 2164 et
289 2104 417 2182 Oritani,
433 2105 595 2165 Mentesani
612 2108 658 2185 qui
681 2117 710 2166 et
726 2106 851 2184 Bastuli,
867 2105 984 2168 Oretani
1003 2109 1050 2185 qui
1069 2116 1099 2167 et

95 2188 228 2250 Germani
242 2192 492 2266 cognominantur,
504 2197 647 2268 caputque
657 2187 836 2251 Celtiberiae
849 2190 1098 2268 Segobrigenses,

95 2271 285 2351 carpetaniae
307 2272 440 2333 Toletani
456 2271 537 2348 Tago
554 2271 660 2332 llumini
682 2275 821 2353 inpositi,
844 2275 910 2335 dein
930 2273 1098 2335 Viatienses

50 2364 84 2416 2ss
95 2367 124 2419 et
136 2357 342 2435 Virgilienses.
369 2353 412 2423 [t]
429 2356 461 2415 ln
474 2353 660 2418 Cluniensem
671 2366 846 2418 conventum
858 2358 979 2418 Varduli
992 2359 1097 2418 ducunt
1106 2378 1132 2418 aa

94 2442 217 2522 populos
230 2441 324 2520 Xllll,
337 2440 489 2519 exquibus
502 2440 705 2503 Alabanenses
718 2451 826 2502 tantum
836 2443 984 2503 nominare
997 2441 1098 2519 libeat,

93 2526 261 2604 Turmogidi
284 2534 436 2603 quattuor,
460 2525 614 2603 inquibus
637 2525 899 2604 Segisamonenses
924 2534 955 2586 ct
980 2524 1098 2603 Segisa·

92 2611 288 2670 maiulienses.
319 2612 348 2670 in
373 2609 495 2670 eundem
515 2618 690 2670 conventum
714 2607 846 2671 Carietes
871 2620 901 2672 et
922 2610 1097 2671 Vennenses

93 2695 219 2772 quinque
240 2693 404 2754 civitatibus
430 2694 551 2770 vadunt,
567 2711 685 2770 quarum
704 2702 770 2753 sunt
792 2694 958 2756 Velienses.
994 2695 1098 2755 eodem

92 2776 278 2838 Peloudones
295 2774 629 2854 Celtiberuquuattuor
643 2777 778 2855 populis,
796 2795 917 2856 quorum
933 2777 1131 2840 Numantiniuo

92 2862 176 2922 luere
200 2860 288 2934 clari,
310 2862 384 2920 sicut
406 2862 434 2920 in
459 2859 656 2920 Vaccaeorum
677 2859 761 2921 XVll
783 2863 948 2923 civitatibus
971 2862 1096 2922 Interea·

47 2947 220 3021 attienscs,
248 2944 403 3022 Palantini,
420 2943 670 3022 Lacobrigenses,
687 2941 862 3007 Caucenses.
900 2966 964 3007 nam
980 2947 1009 3006 in
1025 2945 1097 3006 Can·

92 3030 209 3091 tabricis
219 3028 272 3088 Vll
284 3029 400 3108 populis
412 3027 572 3104 Iuliobriga
586 3028 650 3088 sola
663 3037 849 3107 memoratur,
861 3031 890 3089 in
903 3030 1096 3108 Autrigonum

91 3115 191 3175 decem
212 3113 375 3173 civitatibus
400 3111 537 3172 Tritium·
551 3119 581 3171 et
602 3110 773 3174 Virovesca.
826 3114 968 3176 Arevacis
991 3133 1096 3175 nomen

90 3199 169 3259 dedit
186 3196 288 3257 lluvius
305 3196 411 3257 Areva.
444 3194 547 3255 horum
563 3215 618 3257 sex
633 3198 754 3276 oppida,
772 3197 910 3261 Secontia
928 3208 959 3260 et
974 3197 1130 3275 Uxama,as

90 3301 164 3361 quae
180 3283 294 3341 nomina
309 3281 414 3341 crebro
436 3280 500 3339 aliis
516 3281 545 3339 in
568 3279 642 3340 locis
660 3293 852 3362 usurpantur,
869 3293 1024 3364 praeterea
1043 3284 1093 3343 Se-

52 3373 55 3378 “
87 3368 178 3441 govia
196 3375 225 3424 et
243 3364 327 3425 Nova
345 3364 492 3442 Angusta,
515 3362 635 3425 'l'crmes
656 3367 779 3445 ipsaque
798 3367 899 3429 Clunia
915 3366 1094 3430 Celtiberiae

89 3450 162 3508 linis.
209 3449 243 3508 ad
259 3467 397 3529 oceanum
420 3448 533 3525 reliqua
547 3459 672 3527 vergunt
686 3452 864 3532 Vardulique
883 3472 921 3515 ex
935 3452 1093 3534 praedictis
