2400 3856
341 164 423 213 aun.
441 162 532 212 arsa.
550 162 582 208 v.
606 145 894 225 ao-24.(1a-au.)
1012 210 1017 218 ,
1063 137 1125 202 201

114 320 238 400 phraten
262 328 291 381 et
308 337 381 399 quae
405 321 439 381 ad
466 317 568 381 Belum
589 326 745 396 vocantur,
772 317 981 393 Tardytenses.
1014 314 1128 392 reliqua

115 414 211 465 autem
233 403 318 481 Syria
343 405 432 465 habet
455 404 605 484 (exceptis
628 421 702 481 quae
728 420 791 462 cum
810 401 960 481 Euphrate
980 399 1127 477 dicentur)

115 488 332 566 Arbethusios,
355 488 562 565 Beroeenscs,
584 486 807 566 Epiphauenses
827 486 863 545 ad
878 484 1034 560 Orontem,
1056 481 1129 542 Lao-

116 573 235 633 dicenos
262 574 310 653 qui
336 571 371 633 ad
396 572 534 633 Libanum
559 572 815 650 cognominantur,
846 567 1025 643 Leucadios,
1051 566 1129 626 Lari-

80 671 94 710 e
117 674 216 733 saeos,
241 664 360 734 praeter
375 655 547 718 tetrarchias
562 656 593 715 in
607 672 699 733 regna
713 653 876 732 descriptas
891 651 1024 712 barbaris
1040 650 1129 710 nomi-

116 740 200 799 nibus
216 739 310 800 XVll.
747 788 750 793 .

178 821 228 884 24.
258 822 339 903 (20.)
361 822 400 883 Et
420 824 456 886 dc
478 823 626 902 Euphrate
652 821 709 882 hoc
731 823 761 882 in
788 820 855 882 loco
879 821 990 882 dixisse
1015 819 1129 898 aptissi-
1146 817 1181 874 83

116 925 192 966 mum
206 908 304 968 fuerit.
338 909 431 968 oritur
451 909 481 968 in
503 909 687 985 praefectura
702 906 860 967 Armeniae
880 907 997 965 maioris
1016 902 1130 964 Carani-

118 991 194 1068 tide,
212 999 244 1050 ut
258 991 416 1070 prodidere
432 1010 471 1052 cx
485 993 520 1051 iis
540 993 588 1070 qui
605 992 738 1070 proxime
753 990 886 1050 viderant
900 988 1043 1049 Domitius
1060 984 1130 1046 Cor·

80 1092 105 1131 10
118 1073 188 1134 bulo
208 1076 238 1134 in
254 1084 353 1136 monte
369 1074 451 1152 Aga,
473 1074 601 1136 Licinius
619 1073 767 1135 Mucianus
788 1073 842 1134 sub
864 1072 1009 1133 radicibus
1027 1071 1132 1131 montis

117 1176 202 1237 quem
225 1156 359 1238 Capoten
375 1159 521 1237 appellat,
542 1177 630 1237 supra
643 1156 784 1219 Zimaram
798 1156 854 1217 XII
868 1157 897 1216 Μ
912 1174 1063 1236 passuum,
1079 1155 1132 1214 ini·

117 1244 159 1302 tio
176 1242 337 1319 Pyxurates
353 1244 526 1305 nominatus.
556 1242 619 1302 duit
630 1241 789 1303 Derxenen
803 1244 934 1321 primurn,
953 1259 1021 1302 mox
1036 1239 1132 1299 Anae·

118 1328 220 1402 ticam,
235 1325 392 1385 Armeniae
408 1328 548 1402 regiones
564 1343 579 1384 a
596 1324 781 1403 Cappadocia
803 1325 971 1386 excludens.
1002 1324 1131 1384 Daseusa
1148 1329 1183 1383 84

119 1408 205 1470 abest
221 1426 236 1468 a
252 1407 363 1470 Zimara
379 1406 486 1468 LXXV
502 1407 532 1468 Μ
549 1421 701 1488 passuum,
723 1409 791 1468 inde
814 1411 966 1485 navigatur
981 1408 1130 1468 Sartonam

80 1491 139 1551 reb
162 1491 192 1551 Μ
212 1510 363 1570 passuum,
394 1491 555 1553 Melitenen
578 1490 781 1570 Cappadociae
803 1491 914 1551 XXllll
938 1490 967 1550 Μ
986 1510 1131 1570 passuum,

119 1575 260 1654 Elegeam
278 1575 478 1636 ArmeniacX
495 1575 523 1634 Μ
544 1594 681 1654 passuum
702 1577 832 1654 acceptis
857 1575 1019 1635 fluminibus
1040 1572 1132 1649 Lyco,

119 1660 260 1737 Arsame,
284 1659 409 1720 Arsano.
445 1660 521 1739 apud
539 1659 681 1738 Elegeam
705 1660 832 1719 occurrit
855 1661 882 1720 ei
906 1657 1016 1719 Taurus
1038 1675 1131 1730 mons,

120 1763 175 1805 nec
201 1745 310 1805 restitit
338 1761 506 1822 quamquam
530 1742 587 1803 Xll
614 1742 643 1802 Μ
669 1760 744 1821 pass.
771 1742 923 1803 latitudine
951 1742 1132 1821 praevalens.

121 1827 248 1886 Ommam
264 1836 371 1887 vocant
385 1829 613 1906 inrumpentem,
630 1844 698 1886 mox
714 1827 762 1887 ubi
775 1828 936 1905 perfregit,
952 1825 1132 1905 Euphraten,

81 1932 107 1972 ao
122 1911 195 1970 ultra
223 1928 339 1989 quoque
360 1928 496 1971 saxosum
517 1920 547 1972 et
568 1910 738 1972 violentum.
781 1909 918 1972 Arabiam
942 1910 1009 1970 inde
1039 1910 1132 1986 laeva,
1149 1915 1183 1969 85

122 1993 277 2054 Orrhoeon
298 1994 401 2054 dictam
419 1996 589 2074 regionem,
612 1994 780 2057 trischoena
799 2012 949 2072 mensura,
972 1994 1133 2070 dextraque

122 2076 338 2156 Commagenen
360 2076 556 2157 disterminat,
586 2081 683 2159 pontis
705 2088 800 2140 tamen
828 2080 912 2139 etiam
937 2078 987 2139 ubi
1011 2078 1133 2139 Taurum

121 2170 270 2239 expugnat
294 2164 418 2242 patiens.
454 2164 530 2243 apud
552 2163 765 2243 Claudiopolim
792 2160 994 2243 Cappadociae
1020 2181 1134 2225 cursum

122 2246 158 2305 ad
173 2264 307 2307 occasum
322 2247 394 2307 solis
412 2248 482 2324 egit.
516 2251 608 2327 primo
627 2249 702 2309 hunc
720 2249 781 2309 illic
800 2248 828 2307 in
844 2266 940 2326 pugna
955 2247 1065 2307 Taurus
1087 2266 1134 2306 au·

81 2351 108 2390 aa
122 2330 196 2405 fert,
222 2331 374 2407 victusque
396 2338 426 2390 et
448 2331 580 2390 abscisus
599 2332 716 2391 sibimet
736 2333 794 2392 alio
811 2332 896 2391 modo
916 2333 1004 2390 vincit
1025 2348 1059 2390 ac
1079 2331 1135 2390 fra-

122 2421 198 2488 ctum
215 2412 338 2490 expellit
358 2414 387 2471 in
401 2414 561 2473 meridiem.
594 2416 635 2473 ita
651 2424 770 2474 naturae
791 2414 936 2474 dimicatio
959 2413 1010 2474 illa
1031 2431 1135 2492 aequa-

122 2505 169 2554 tur
189 2495 245 2555 hoc
268 2505 354 2556 eunte
371 2513 429 2573 quo
443 2496 522 2572 vult,
544 2496 595 2556 illo
612 2496 787 2573 prohibente
809 2498 852 2556 ire
869 2515 924 2574 qua
940 2495 1021 2556 velit.
1053 2515 1069 2556 a
1090 2514 1135 2556 ca·

124 2580 256 2639 tarractis
272 2580 377 2638 iterum
393 2581 555 2657 navigatur.
583 2577 633 2639 Xb
649 2578 681 2638 Μ
696 2597 830 2659 passuum
844 2580 911 2641 inde
925 2578 1135 2658 Commagenes

122 2671 208 2740 caput
225 2662 383 2724 Samosata.

82 2769 109 2808 ao
185 2744 269 2827 (21.)
297 2747 406 2808 Arabia
433 2748 620 2828 supradicta
646 2748 736 2810 habet
762 2748 868 2829 oppida
895 2748 1036 2811 Edessam
1062 2753 1187 2828 quaeso

124 2832 266 2908 quondam
280 2831 436 2892 Antiochia
448 2833 609 2911 dicebatur,
623 2831 808 2894 Callirrhoen
823 2853 839 2895 a
853 2835 935 2896 fonte
952 2836 1135 2912 nominatam,

126 2913 251 2975 Carrhas
270 2914 368 2975 Crassi
385 2916 467 2977 clade
484 2918 593 2978 nobile.
622 2916 753 2995 Iungitur
768 2918 953 2995 praefectura
967 2916 1135 2996 Mesopota·

123 3000 197 3058 miae
220 3000 256 3059 ab
279 2999 410 3076 Assyriis
432 3001 574 3078 originem
599 3001 734 3079 trahens,
761 3002 866 3081 inqua
888 3001 1077 3060 Anthemusia
1106 3008 1136 3060 et

124 3081 333 3160 Nicophorium
345 3084 458 3163 oppida.
488 3085 682 3146 moxArabes
701 3086 748 3164 qui
760 3084 893 3146 Praetavi
911 3093 1058 3151 vocantur.
1083 3085 1135 3144 ho·

83 3187 110 3226 an
126 3184 188 3225 rum
203 3175 288 3245 caput
304 3166 434 3245 Singara.
465 3187 480 3229 a
496 3168 654 3230 Samosatis
675 3179 787 3246 autem,
810 3169 904 3229 latere
920 3167 1039 3243 Syriae,
1063 3167 1136 3227 Mar·

125 3268 193 3327 syas
215 3252 304 3310 amnis
326 3252 426 3312 influit.
468 3251 592 3331 Cingilia
615 3252 829 3330 Commagenen
849 3253 926 3328 unit,
952 3251 1136 3312 lmeneorum

126 3336 228 3394 civitas
247 3336 355 3414 incipit.
380 3337 486 3415 oppida
501 3338 652 3398 adluuntur
668 3336 829 3416 Epiphania
847 3345 876 3395 et
892 3335 1046 3395 Antiochia
1062 3353 1135 3414 quae

126 3419 161 3479 ad
178 3419 345 3500 Euphraten
363 3430 510 3500 vocantur,
526 3423 595 3482 item
607 3421 734 3499 Zeugma
748 3418 855 3480 LXXll
870 3419 985 3481 milibus
1001 3437 1136 3498 passuum
