2400 3856
132 171 197 238 232
478 182 509 231 c.
530 183 625 230 amru
648 183 797 233 sueonos

133 343 163 403 hi
180 341 233 401 sub
250 358 322 416 rege
338 335 512 416 elephantos
526 355 584 397 non
597 338 675 397 alunt
690 338 792 399 fiducia
806 339 933 417 equitum
947 337 1150 420 peditumque,

135 424 363 499 Odonbaeores,
390 421 568 482 Arabastrae
590 421 722 483 Thorace
750 423 822 483 urbe
842 423 961 502 pulchra
986 425 1079 484 lossis
1101 443 1150 503 pa·

134 509 274 569 lustribus
286 508 393 566 munita
405 525 460 584 per
472 523 543 584 quas
555 504 695 565 crocodili
709 506 821 566 humani
840 508 975 585 corporis
989 507 1149 568 avidissimi

135 593 241 653 aditum
257 593 312 651 nisi
328 599 418 669 ponte
431 608 489 649 non
504 589 580 651 dant.
609 598 637 648 et
650 589 726 650 aliod
742 590 816 669 apud
831 590 899 650 illos
916 591 1048 653 laudatur
1066 594 1149 671 oppi-

134 677 199 738 dum
212 675 380 750 Automula,
394 674 550 753 inpositum
563 674 653 751 litori,
668 673 695 731 V
707 676 828 734 amnium
840 679 869 735 in
881 693 965 734 unum
979 674 1148 735 confluente
1168 689 1180 729 a

134 778 295 836 concursu,
320 760 451 838 emporio
468 756 569 817 nobili.
603 758 667 835 regi
689 776 789 818 eorum
811 758 958 837 elephanti
972 757 1002 819 Μ
1018 756 1082 837 Do,
1098 778 1149 838 pe·

135 844 223 905 ditum
239 841 285 903 GL
301 842 345 921 ll,
371 843 499 921 equitum
514 840 541 898 V
554 841 591 901 Μ,
626 840 986 921 pauperior-Charmarum
1006 861 1063 903 rex
1085 842 1147 903 ele·

83 941 117 991 'to
134 929 257 1008 phantos
280 926 331 987 tx
352 943 515 1004 parvasque
541 925 670 1003 reliquas
694 928 774 986 vires
796 925 893 986 habet.
938 926 985 986 Ab
1007 925 1053 986 bis
1075 946 1148 1004 gens

134 1012 266 1089 Pandae,
282 1011 347 1071 sola
360 1011 498 1070 ludorum
513 1018 635 1086 regnata
650 1010 774 1070 leminis.
806 1028 888 1070 uuam
903 1009 1021 1070 Herculi
1039 1028 1148 1070 sexuus

134 1100 197 1158 eius
220 1097 348 1173 genitam
367 1095 465 1155 lerunt
488 1094 526 1153 ob
554 1093 642 1171 idque
663 1095 839 1170 gratiorem,
870 1095 1029 1172 praecipuo
1053 1107 1184 1172 regno1o

134 1181 275 1241 donatam.
303 1179 339 1238 ab
352 1196 388 1237 ea
401 1176 577 1236 deducentes
595 1179 738 1255 originem
754 1180 918 1256 imperitant
930 1174 1006 1237 'OGG
1019 1179 1147 1256 oppidis,

133 1263 262 1343 peditum
278 1260 323 1321 ct
338 1261 382 1338 Μ,
402 1258 564 1338 elephantis
579 1259 622 1338 D,
640 1270 709 1341 post
729 1261 801 1321 hanc
822 1259 896 1321 CCC
912 1262 1023 1321 urbium
1039 1263 1148 1322 seriem

133 1348 304 1423 Derangae,
327 1344 492 1422 Posingae,
515 1344 625 1422 Butae,
649 1344 812 1423 Gogaraei,
843 1344 987 1422 Umbrae,
1016 1343 1148 1421 Nereae,

133 1431 287 1508 Brangosi,
302 1428 475 1508 Nobundae,
490 1426 656 1504 Cocondae,
668 1428 772 1506 Nesei,
782 1428 933 1505 Palatitae,
948 1428 1148 1506 Salobriasae,

134 1514 275 1575 Orostrae
291 1512 418 1574 Patalam
437 1512 558 1582 insulam
569 1515 765 1591 attingentes,
781 1515 890 1573 accius
908 1521 1041 1573 extremo
1058 1513 1148 1573 litore
1161 1526 1184 1566 1⁵

83 1611 115 1659 77
134 1599 169 1660 ad
190 1596 310 1676 Caspias
333 1607 433 1677 portas
457 1599 573 1679 lirul-11]
595 1595 679 1657 XXV
694 1596 723 1656 Μ
739 1597 907 1676 produntur.
952 1595 1025 1657 lline
1041 1596 1147 1658 deinde

134 1683 269 1742 accolunt
299 1682 399 1741 lndum
437 1683 578 1742 adversus
614 1699 678 1741 enm
711 1680 867 1741 scandente
897 1681 1147 1741 demonstratione

133 1765 287 1842 Mathoae,
309 1765 467 1843 Bolingae,
491 1764 691 1843 Gallitalutae,
710 1764 837 1841 Dimuri,
852 1764 981 1843 Megari,
998 1764 1147 1841 Ardabae,

133 1850 251 1926 Mesae,
275 1850 350 1925 Abi,
373 1849 456 1926 Suri,
478 1849 574 1926 Silae,
598 1868 666 1909 mox
687 1849 804 1910 deserta
822 1851 851 1909 iu
868 1846 938 1908 CCL
954 1848 983 1908 Μ
999 1867 1146 1928 passuum.

134 1935 239 2013 quibus
262 1935 430 2013 exuperatis
456 1931 645 2011 Organagae,
668 1933 818 2009 Abortae,
839 1932 1032 2010 Bassuertae,
1060 1942 1092 1993 et
1111 1933 1145 1993 ab
1159 1947 1182 1986 2⁰

134 2018 180 2077 his
196 2018 370 2078 solitudines
384 2017 531 2096 prioribus
548 2035 643 2094 pares.
676 2016 743 2076 dein
762 2019 935 2094 Sorofages,
953 2016 1072 2090 Arbae,
1089 2015 1147 2076 lila-

134 2110 319 2178 rogomatrae
337 2099 487 2161 Umbritae
508 2098 664 2178 Ceaeque,
687 2119 807 2177 quorum
824 2100 879 2160 xss
896 2103 1030 2161 nationes
1049 2102 1145 2178 singu·

135 2184 230 2261 lisque
247 2185 332 2243 binae
346 2183 452 2258 urbes,
469 2184 552 2242 Asini
565 2186 648 2242 trium
661 2183 773 2243 urbium
787 2185 925 2251 incolae„
941 2193 1028 2262 caput
1045 2202 1146 2244 eorum

134 2267 298 2346 Bucephala
314 2267 473 2327 Alexandri
490 2269 569 2344 regis
586 2284 662 2344 equo
678 2269 723 2326 cui
739 2269 834 2328 luerat
849 2269 906 2329 hoc
921 2286 1027 2328 nomen
1041 2268 1083 2329 ibi
1100 2286 1146 2328 sc·

83 2362 117 2414 78
136 2352 217 2430 pulto
236 2351 391 2412 conditum.
419 2353 545 2411 montani
563 2350 717 2430 superbos
734 2350 863 2412 Caucaso
880 2352 1004 2412 subiecti
1020 2352 1180 2413 Sosaea-as

135 2435 200 2512 dae,
214 2436 355 2514 Sondrae,
368 2438 621 2513 transgressisque
635 2436 735 2496 ludum
750 2445 780 2496 et
790 2455 853 2496 cum
869 2455 905 2496 eo
921 2437 1145 2496 decurrentibus

135 2520 331 2598 Samarabiae,
344 2519 540 2595 Sambraceni,
553 2519 755 2596 Bisambritae,
768 2519 845 2596 Orsi,
858 2520 1012 2596 Andiseni,
1025 2519 1147 2580 Taxilae

134 2622 198 2665 cum
215 2605 286 2664 urbe
302 2604 430 2680 celebri,
453 2605 508 2663 iam
523 2605 552 2663 in
568 2603 652 2682 plana
672 2603 799 2664 demisso
816 2613 924 2681 tractu,
946 2604 991 2662 cui
1007 2605 1146 2664 universo

135 2706 240 2747 nomen
256 2688 422 2764 Amendae,
442 2688 542 2765 populi
565 2696 720 2765 quattuor,
740 2687 925 2763 Peucolitae,
948 2687 1145 2764 Arsagalitae,

136 2771 279 2847 Geretae,
308 2772 407 2831 Assoi.
452 2773 558 2831 etenim
585 2771 718 2848 plerique
745 2772 780 2830 ab
807 2773 958 2832 occidente
988 2788 1048 2830 uon
1074 2772 1180 2832 lndoao

136 2873 218 2915 amne
234 2856 436 2930 determinant,
452 2853 504 2913 sed
520 2854 644 2914 adiciunt
659 2864 795 2933 quattuor
810 2858 964 2932 satrapias,
982 2852 1145 2932 Gedrusos,

135 2934 315 3017 Arachotos,
331 2938 437 3014 Arios,
453 2937 687 3017 Paropanisidas,
704 2940 803 2999 ultimo
819 2940 875 2999 tine
890 2937 1026 3018 Cophete
1044 2938 1145 3015 iluvio,

136 3041 209 3101 qnae
227 3025 320 3083 omnia
339 3023 561 3082 Ariorum'osse
579 3023 644 3082 aliis
660 3024 764 3101 placet.

83 3118 118 3170 no
194 3104 243 3166 21.
268 3105 403 3166 Necnon
425 3115 455 3166 et
470 3105 577 3183 Nysam
594 3107 694 3166 urbem
710 3108 845 3186 plerique
859 3108 961 3179 ‚Indiae
979 3107 1146 3169 adscribunt

136 3200 319 3268 montemque
336 3189 447 3250 illerum
462 3189 570 3250 Libero
585 3190 663 3248 Patri
687 3210 813 3268 sacrum,
836 3193 911 3252 unde
927 3194 1013 3268 origo
1030 3193 1145 3252 fabulae
1158 3206 1181 3245 tt

135 3276 213 3335 lovis
229 3276 336 3334 lemine
353 3275 468 3334 editum.
509 3277 578 3334 item
598 3275 772 3351 Aspaganos
791 3285 910 3353 gentem
932 3279 1000 3335 vitis
1023 3284 1054 3336 et
1075 3277 1146 3336 lauri

55 3370 58 3375 '
136 3367 165 3417 et
182 3359 250 3417 buxi
268 3376 476 3436 pomorumque
489 3358 616 3426 ⁴omnium
634 3360 662 3416 in
679 3356 799 3419 Graecia
815 3361 991 3419 nascentium
1009 3361 1146 3421 fertilem.

136 3458 209 3520 quae
231 3443 413 3502 memoranda
437 3450 466 3499 et
487 3458 581 3519 prope
605 3441 737 3501 fabulosa
761 3442 798 3503 de
826 3444 977 3503 fertilitate
999 3452 1099 3504 terrae
1120 3451 1150 3503 et
