2400 3856
354 179 436 242 nnc:
457 192 548 242 msc.
572 193 623 239 111.
647 187 672 238 a.
696 185 821 259 (a-top
1036 172 1092 236 tat

85 349 277 427 exspatiantia
299 354 376 407 tecta
392 346 496 406 multas
517 345 654 406 addidere
671 346 769 406 urbes.
801 346 834 406 ln
859 349 949 426 prima
970 346 1093 423 regione
1105 347 1140 399 68

87 441 242 510 praetcrea
268 432 353 492 luere
383 432 412 490 in
435 429 517 489 Latio
540 429 617 489 clara
642 430 748 508 oppida
770 430 930 506 Satricum,
952 428 1095 501 Pometia,

88 517 222 593 Scaptia,
235 514 423 589 Politorium,
440 512 578 588 Tellena,
597 511 707 589 Tifata,
723 510 866 591 Caenina,
884 515 1008 590 Ficana,
1025 509 1096 572 Cru-

89 601 274 678 stumerium,
289 597 456 674 Ameriola,
478 596 650 674 Medullum,
672 594 872 675 Corniculum,
891 597 1024 657 Saturnia
1045 595 1094 654 ubi

65 702 163 744 cnunc
177 683 270 743 Roma
286 691 343 758 est,
359 681 509 759 Antipolis
525 680 602 758 quod
625 699 700 740 nunc
715 679 871 741 Ianiculum
888 683 916 739 in
938 688 1021 759 parte
1035 678 1094 737 tto-
1164 688 1167 693 “

87 786 163 843 mae,
176 766 348 841 Antemnae,
357 762 529 841 Camerium,
539 761 848 841 Collatia,Amitinum,
860 764 974 839 Norbc,
986 762 1096 837 Sulmo,

88 860 118 911 et
139 869 202 910 cum
223 851 259 908 iis
281 866 397 908 carnem
421 850 450 908 in
471 856 570 908 monte
586 847 701 907 Albano
726 848 806 907 soliti
833 850 968 927 accipere
994 845 1139 924 populiott

88 934 254 1007 Albenses,
271 931 396 1009 Albani,
412 931 572 1008 Aesolani,
588 931 765 1007 Accienses,
783 931 926 1007 Abolani,
943 930 1097 1003 Bubetani,

88 1018 206 1094 Bolani,
229 1016 404 1092 Cusuetani,
434 1013 600 1091 Coriolani,
623 1014 797 1092 Fidenates,
819 1015 950 1091 Toretii,
973 1012 1097 1073 llorten·

55 1121 149 1177 anses,
173 1101 375 1177 batinienses,
396 1100 543 1178 Longani,
564 1098 712 1177 Manates,
733 1098 894 1175 Macrales,
916 1097 1097 1172 Munienses,

89 1185 303 1261 Numinienses,
320 1184 486 1262 Olliculani,
502 1183 644 1258 Octulani,
660 1184 776 1262 Pedani,
792 1183 989 1261 Poletaurini,
1005 1178 1098 1253 Quer-

90 1268 255 1346 quetulani,
278 1269 391 1346 Sicani,
413 1269 599 1343 Sisolenses,
621 1266 829 1345 Tolerienses,
850 1267 1025 1342 Tutienses,
1046 1263 1097 1323 Vi·

90 1351 254 1427 mitellarii,
271 1350 445 1428 Velienses,
461 1350 655 1426 Venetulani,
673 1350 863 1412 Vitellenses.
909 1352 951 1412 lta
971 1368 1009 1411 ex
1024 1349 1095 1409 anti·
1107 1353 1143 1405 to

91 1453 148 1512 quo
164 1433 247 1493 Latio
263 1433 327 1493 Llll
344 1435 444 1512 populi
468 1435 608 1494 interiere
631 1437 693 1494 sine
713 1436 858 1512 vestigiis.
904 1438 933 1494 in
951 1433 1096 1512 Campano

57 1535 82 1573 15
93 1528 188 1578 autem
210 1535 281 1595 agro
301 1517 418 1578 Stabiae
444 1518 580 1596 oppidum
601 1518 665 1578 iere
686 1536 779 1596 usque
801 1518 836 1577 ad
860 1517 910 1578 Cn.
929 1517 1098 1595 Pompeium

93 1611 122 1662 ct
137 1601 168 1661 L.
188 1600 327 1661 Catonem
346 1601 494 1675 consules,
513 1602 607 1678 pridie
622 1601 736 1662 kalend.
753 1600 821 1678 Mai,
836 1618 894 1678 quo
911 1601 958 1660 die
975 1599 1006 1660 t.
1020 1599 1099 1658 Sulla

91 1686 207 1762 legatus
235 1685 316 1745 bello
341 1685 443 1745 sociali
466 1685 494 1744 id
517 1685 641 1762 delevit,
663 1686 740 1763 quod
760 1703 835 1744 nunc
854 1687 883 1744 in
903 1683 1000 1743 villam
1019 1683 1099 1742 abiit.

92 1769 238 1828 intercidit
254 1769 295 1828 ibi
311 1778 341 1829 et
358 1768 509 1829 Taurania.
548 1777 614 1827 sunt
635 1771 795 1828 morientes
814 1765 932 1827 Casilini
947 1767 1100 1844 reliquiae.

93 1861 250 1930 praeterea
269 1861 371 1912 auctor
392 1861 438 1913 est
454 1851 557 1911 Antias
577 1852 713 1930 oppidum
728 1851 893 1910 Latinorum
909 1850 1032 1928 Apiolas
1055 1868 1101 1909 cu-

59 1945 173 2014 aoptum
190 1954 205 1995 a
220 1935 254 2000 t.
269 1934 426 2014 Tarquinio
443 1954 528 2012 rege,
548 1954 586 1995 en
602 1937 682 1995 cuius
704 1935 811 2013 praeda
828 1933 1002 2013 Capitolium
1017 1935 1042 1993 is
1057 1935 1100 1993 in·
1137 1972 1141 1979 -

92 2020 252 2080 choaverit.
278 2019 304 2080 A
317 2020 490 2081 Surrentino
505 2020 540 2081 ad
552 2019 676 2080 Silerum
689 2037 799 2080 amnem
816 2021 934 2097 triginta
947 2019 1024 2078 milia
1036 2035 1100 2095 pas-

92 2122 173 2163 suum
189 2122 261 2181 ager
276 2104 442 2164 Picentinus
460 2104 514 2164 iuit
527 2102 697 2180 Tuscorum,
716 2103 823 2183 templo
839 2103 957 2165 lunonis
971 2103 1100 2179 Argivae

91 2189 126 2246 ab
145 2187 252 2248 lasone
269 2189 386 2249 condito
401 2189 533 2266 insignis.
558 2190 635 2249 intus
651 2189 786 2267 oppidum
801 2188 932 2264 Salerni,
952 2186 1088 2247 Picentia.

156 2271 238 2350 (10.)
261 2271 287 2330 A
306 2272 403 2332 Silero
420 2275 504 2349 regio
525 2274 610 2331 tertia
627 2281 657 2332 et
679 2291 751 2349 ager
766 2271 896 2332 Lucanus
911 2271 1099 2348 Bruttiosque
1110 2274 1142 2325 at

56 2357 209 2433 asincipit,
234 2373 288 2414 nec
310 2357 349 2414 ibi
372 2375 436 2414 rara
456 2356 616 2416 incolarum
637 2357 805 2415 mutatione.
850 2353 1018 2414 Tenuerunt
1036 2372 1101 2413 eum

92 2437 229 2514 Pelasgi,
249 2436 401 2513 Oenotrii,
417 2437 498 2514 ltali,
512 2437 680 2513 Morgetcs,
698 2439 804 2513 Siculi,
820 2437 962 2498 Graeciae
977 2438 1101 2495 maxime

93 2521 213 2600 populi,
232 2521 390 2579 novissime
407 2518 513 2580 Lucani
530 2539 546 2579 a
563 2520 736 2579 Samnitibus
755 2522 811 2579 orti
828 2523 900 2581 duce
916 2519 1014 2579 Lucio.
1045 2518 1101 2597 Op·

92 2605 189 2684 pidum
211 2604 347 2664 Paestum
363 2601 483 2663 Graecis
499 2603 655 2662 Posidonia
680 2602 872 2682 appellatum,
890 2605 971 2662 sinus
985 2601 1102 2662 Paesta-

92 2708 164 2765 nus,
182 2688 319 2767 oppidum
340 2686 412 2747 Elea
435 2705 509 2766 quae
534 2706 608 2746 nunc
630 2685 731 2764 Velia,
748 2689 974 2764 promunturium
990 2685 1101 2747 Palinu-

56 2790 169 2849 corum,
191 2790 206 2830 a
229 2790 286 2850 quo
315 2773 379 2831 sinu
406 2772 563 2832 recedente
584 2771 721 2831 traiectus
740 2770 775 2830 ad
792 2768 958 2830 Columnam
979 2769 1103 2846 Regiam

91 2865 206 2916 centum
221 2854 250 2914 M
271 2874 350 2934 pass.
395 2858 557 2932 proximum
572 2863 668 2915 autern
688 2854 754 2914 huic
776 2854 880 2915 llumen
895 2854 1026 2933 Melpes,
1051 2860 1145 2930 opit

91 2940 187 3016 pidum
202 2939 365 3000 Buxentum
381 2937 522 2999 Graeciae
538 2938 657 3014 Pyxus,
679 2937 754 2998 Laus
771 2941 877 3014 amnis,
897 2940 951 2998 luit
974 2945 1005 2996 et
1020 2938 1102 3014 oppi-

48 3040 53 3055 ·
91 3022 154 3080 dum
174 3023 279 3081 eodem
297 3025 424 3082 nomine.
469 3021 505 3081 ab
523 3039 560 3080 eo
576 3021 717 3081 Bruttium
732 3023 813 3098 litus,
832 3022 968 3099 oppidum
982 3018 1101 3095 Blanda,

92 3105 197 3164 llumen
216 3105 363 3182 Baletum,
380 3114 482 3185 portus
501 3104 671 3164 Parthenius
689 3105 892 3180 Phocensium,
911 3108 990 3163 sinus
1011 3102 1102 3162 Vibo·

55 3207 80 3246 sc
93 3191 203 3263 nensis,
221 3189 303 3248 locus
316 3186 508 3268 Clampetiae,
525 3188 661 3266 oppidum
677 3188 830 3268 Tempsae
843 3186 962 3248 Graecis
976 3185 1101 3246 Temese

90 3273 195 3332 dictum
218 3281 249 3331 et
266 3271 502 3333 Crotoniensium
525 3270 631 3332 Terina
652 3274 790 3351 sinusque
811 3274 914 3349 ingens
931 3270 1101 3331 Terinaeus.

91 3357 228 3433 oppidum
243 3354 402 3418 Consentia
414 3358 502 3417 intus.
524 3358 553 3416 in
570 3356 721 3434 peninsula
737 3356 840 3414 iluvius
852 3355 1002 3431 Acheron,
1015 3374 1031 3415 a
1044 3372 1100 3432 quo
1112 3360 1146 3413 7³

89 3441 226 3518 oppidani
244 3440 447 3501 Acheruntini.
470 3440 578 3520 Hippo,
595 3439 673 3518 quod
685 3457 760 3499 nunc
776 3438 923 3499 Vibonem
940 3437 1102 3499 Valentiam
