2400 3856
337 170 419 218 unu.
434 169 526 217 mor.
543 170 580 216 11.
596 166 682 220 8-9.
699 156 759 237 (o.)
1030 162 1068 223 71

63 324 196 405 ipsisque
215 323 433 401 cognominibus
450 322 592 382 aemulum
610 321 681 382 solis
696 341 731 382 ac
753 323 847 384 lunae·
875 329 1071 402 praeveniens

65 410 175 488 quippe
198 416 228 467 et
247 416 313 467 anto
328 408 493 467 matutinum
510 406 647 465 exoriens
663 406 777 465 luciferi
793 424 897 467 nomeu
915 414 1022 491 accipit
1040 421 1070 471 ut

63 492 110 552 sol
126 490 201 551 alter
215 490 349 569 diemque
365 499 519 565 maturans,
537 499 636 548 contra
652 489 688 548 ab
707 506 815 550 occasu
832 492 982 571 refulgens
1000 512 1070 554 nun·

63 583 186 653 cupatur
202 591 311 652 vesper
326 583 356 633 ut
371 590 535 652 prorogans
550 573 645 632 lucem
661 575 814 652 vicemque
829 575 914 636 lunae
930 577 1068 637 reddens.

40 658 157 733 sQucm
175 666 303 717 naturam
325 659 388 716 eius
408 657 590 732 Ppnagoras
611 657 724 716 Samius
746 660 855 736 primus
877 660 1113 738 deprehendite?

63 740 236 820 Olympiade
252 741 369 800 circiter
384 739 476 815 XLII,
495 742 543 818 qui
559 741 611 798 fuit
626 739 706 799 urbis
722 739 833 800 Romae
849 759 939 802 onnus
955 740 1068 802 cxcii.

62 825 122 885 lam
137 824 332 901 magnitudine
349 833 431 883 extra
448 833 550 883 cuncta
577 824 632 883 alia
649 825 746 884 sidera
764 834 824 899 est,
852 825 992 886 claritatis
1008 829 1069 904 qui·

63 909 130 968 dem
150 916 248 968 tantae
272 917 301 967 ut
322 908 404 966 unius
421 907 504 968 buius
531 908 635 967 stellae
657 907 745 968 radiis
767 907 887 968 umbrae
902 910 1069 969 reddantur.

63 994 161 1070 itaque
183 999 213 1050 et
232 992 261 1049 iu
283 1008 387 1068 magno
405 993 548 1051 nominum
569 991 675 1051 ambitu
700 999 754 1050 est.
782 992 832 1051 alii
849 993 925 1052 enim
940 992 1069 1067 lunonis,

31 1075 113 1135 mulli
129 1072 227 1149 Isidis,
243 1073 292 1134 alii
303 1072 403 1134 biatris
414 1074 507 1135 Deum
524 1075 723 1153 appellavere.
746 1074 836 1135 liuius
851 1084 950 1136 natura
967 1081 1115 1136 cunctatfi

63 1165 242 1235 generantur
256 1159 285 1216 in
300 1160 397 1218 terris.
415 1177 539 1237 namque
554 1160 582 1217 in
598 1159 737 1218 alterutro
754 1169 856 1219 exortu
870 1161 989 1239 genitali
1001 1177 1071 1219 rore

64 1258 269 1319 conspergens
283 1258 341 1300 nou
356 1250 452 1302 terrae
475 1242 561 1301 modo
578 1252 758 1320 conceptura
774 1240 877 1320 inplet,
893 1262 992 1303 verum
1011 1244 1069 1303 aui·

63 1324 199 1385 mentium
216 1341 334 1403 quoque
358 1327 481 1385 omnium
504 1327 636 1386 stimulat.
665 1326 796 1402 signiferi
818 1337 912 1386 autem
933 1327 1070 1386 ambitum

62 1407 180 1486 peragit
194 1410 323 1468 trecenis
340 1419 369 1468 et
384 1410 694 1487 duodequinquagenis
716 1409 833 1483 diebus,
862 1428 879 1469 a
902 1411 966 1470 sole
990 1429 1069 1469 uum·

29 1505 150 1571 tequam
175 1490 319 1551 absistens
341 1492 472 1570 partibus
493 1510 547 1550 sex
568 1501 655 1571 atquc
678 1492 867 1570 quadraginta
883 1493 1016 1570 lougius,
1038 1501 1070 1552 ut

62 1575 184 1635 Timaeo
199 1575 306 1652 placet.
342 1576 433 1638 Simili
447 1577 575 1651 ratione,
602 1574 655 1635 sed
672 1593 853 1654 nequaquam
870 1576 1065 1652 magnitudine
1076 1582 1112 1638 39

62 1659 163 1733 autri,
181 1660 344 1736 proximum
365 1658 408 1719 illi
425 1658 550 1718 Mercuri
566 1659 656 1733 sidus,
673 1676 688 1717 a
705 1659 873 1736 quibusdam
888 1659 1068 1738 appellatum

62 1740 222 1820 Apollinis,
238 1741 378 1803 inferiore
394 1742 505 1802 circulo
525 1741 617 1801 fertur
632 1759 737 1802 novem
753 1742 854 1802 diebus
870 1745 973 1803 ociore
989 1741 1068 1802 amb·

40 1900 42 1905 ,
62 1827 115 1902 itu,
129 1825 218 1884 modo
235 1834 302 1884 aute
318 1826 390 1886 solis
406 1835 538 1885 exortum
554 1825 640 1885 modo
659 1834 728 1902 post
746 1841 882 1885 occasum
894 1825 1067 1904 splendens,

27 1926 217 1987 ennumquam
234 1908 271 1969 ab
287 1926 324 1969 eo
338 1911 439 1986 viginti
464 1908 557 1969 tribus
583 1908 712 1986 partibus
730 1911 880 1984 remotior,
897 1919 927 1969 ut
944 1907 1068 1968 Cidenas

63 2001 93 2053 et
110 1993 272 2069 Sosigenes
289 1993 404 2054 docent.
427 1992 496 2052 ldeo
513 2001 542 2051 et
557 1991 715 2070 peculiaris
732 1992 834 2051 borum
851 1993 978 2053 siderum
993 1991 1068 2051 ratio

63 2084 109 2138 est
120 2092 218 2157 neque
234 2079 390 2138 communis
407 2095 471 2136 cum
482 2093 569 2155 supra
582 2075 676 2135 dictis.
695 2093 759 2137 uam
775 2093 810 2135 ea
824 2085 853 2137 et
869 2086 971 2156 quarta
985 2083 1112 2153 parteto

63 2161 140 2222 caeli
156 2178 173 2220 a
189 2161 254 2220 sole
270 2161 376 2220 abesse
391 2169 421 2220 et
438 2160 534 2236 tertia,
551 2168 580 2218 et
592 2159 714 2220 adversa
726 2159 783 2219 soli
796 2178 887 2240 saepe
901 2169 1070 2235 cernuntur,

62 2247 250 2322 maioresque
267 2245 340 2304 alios
356 2243 462 2303 babent
478 2252 580 2303 cuncta
595 2243 701 2320 plenae
711 2245 916 2303 conversionis
929 2241 1070 2302 ambitous

28 2329 91 2390 asin
106 2328 204 2405 magui
219 2329 283 2387 anui
298 2329 410 2386 ratione
429 2326 579 2385 dicendos.
1062 2343 1114 2386 ιιι

127 2410 158 2472 9.
181 2410 241 2471 Sed
267 2412 390 2470 omnium
413 2410 630 2470 admirationem
653 2409 742 2467 vincit
769 2409 956 2467 nouissimum
978 2406 1069 2480 sidus,
1078 2416 1114 2468 41

63 2495 151 2555 terris
169 2492 419 2555 familiarissimum
441 2501 470 2552 et
486 2495 515 2551 iu
532 2490 716 2565 tenebrarum
737 2490 895 2550 remedium
913 2490 948 2549 ab
969 2498 1071 2548 natura

64 2586 214 2657 repertum
231 2576 326 2637 lunae.
354 2576 537 2636 Multiformis
552 2573 626 2633 baec
644 2574 766 2650 ambage
777 2575 862 2633 torsit
873 2573 988 2649 ingenia
1001 2588 1070 2631 cou-

64 2660 264 2739 templautium
285 2668 315 2718 ct
336 2664 495 2739 proximum
526 2660 654 2735 ignorari
680 2658 802 2717 maxime
830 2657 907 2717 sidus
923 2656 1070 2733 iudignau·
1115 2684 1118 2689 ·

30 2760 56 2804 to
66 2747 146 2820 tium,
163 2761 302 2803 crescens
320 2762 436 2822 semper
451 2752 499 2804 aut
514 2759 673 2802 senescens
690 2750 720 2801 et
734 2742 820 2802 modo
835 2742 1117 2802 commefaceret

64 2845 121 2888 uua
136 2826 233 2902 falcis,
255 2826 341 2886 modo
357 2845 450 2906 aequa
467 2828 602 2905 portione
620 2825 728 2901 divisa,
746 2826 832 2885 modo
848 2827 959 2885 sinuata
977 2827 1006 2885 iu
1024 2841 1071 2883 or·

65 2912 148 2985 bem,
170 2909 319 2970 maculosa
340 2911 500 2988 eademque
520 2910 616 2969 subito
638 2911 820 2987 praenitens,
849 2911 976 2969 inmensa
999 2907 1072 2966 orbe

66 2995 156 3074 pleno
174 3011 209 3054 ac
222 3003 346 3073 repente
362 2994 458 3070 nulla,
480 2994 552 3053 alias
566 3009 681 3070 pernox
696 2992 767 3052 alias
786 3011 852 3052 sera
869 3001 898 3051 et
913 3000 997 3069 parte
1015 2989 1074 3049 diei

67 3078 140 3139 solis
157 3078 253 3138 lucem
263 3079 412 3153 adiuvans,
430 3077 569 3137 deficiens
583 3084 612 3135 et
624 3077 652 3134 in
663 3075 780 3135 defectu
793 3084 888 3135 tamen
901 3075 1071 3150 conspicua,

33 3179 145 3242 nequae
161 3163 269 3221 mensis
285 3164 363 3221 exitu
379 3162 461 3236 latet,
479 3178 543 3220 cum
554 3159 689 3220 laborare
705 3176 763 3217 uon
775 3158 911 3218 creditur.
928 3159 984 3216 iam
999 3157 1118 3215 veroid

69 3245 183 3306 humilis
197 3245 328 3319 excelsa,
347 3252 428 3303 etue
443 3243 472 3304 id
487 3243 601 3322 quidem
616 3260 673 3302 uuo
689 3243 786 3316 modo,
804 3242 856 3301 sed
873 3241 944 3300 alias
958 3240 1073 3301 admota

69 3330 154 3390 coelo
172 3326 245 3387 alias
263 3328 400 3404 contigua
414 3328 576 3403 montibus,
593 3344 668 3387 nuuc
683 3327 712 3385 iu
726 3325 890 3402 aquilonem
905 3324 982 3384 eluta
996 3342 1074 3384 nuuc

69 3414 97 3471 iu
114 3419 230 3472 austros
245 3411 376 3487 deiecta,
400 3428 474 3488 quae
495 3411 608 3488 singula
627 3411 657 3469 ln
673 3426 707 3469 eu
723 3407 914 3486 deprehendit
928 3408 1074 3468 bominum
