2400 3856
381 197 461 247 nnn.
483 197 574 244 mrsu.
597 197 644 244 vr.
666 190 708 245 aa.
732 181 869 265 (aa-ao.)
1073 179 1134 245 251

126 360 185 412 tata
203 351 318 411 ratione
338 351 501 410 umbrarum
523 349 735 411 Eratosthenes
756 369 917 412 mansuram
944 357 1042 412 terrae
1067 366 1134 428 pro-

126 436 198 495 dere
221 434 288 493 inde
312 434 491 512 conceperit.
533 432 606 493 Hinc
621 434 759 494 Azanium
774 454 869 512 mare,
898 436 1124 513 promunturium
1136 426 1186 490 17'2

126 517 205 596 quod
220 517 308 595 aliqui
326 516 478 596 Hippalum
496 518 661 596 scripsere,
678 517 756 578 lacus
777 518 952 595 Mandalum,
970 518 1063 577 insula
1078 515 1135 576 Co-

127 602 277 678 locasitis,
296 611 325 661 et
340 603 369 660 in
385 600 444 660 alto
459 600 564 660 multae
585 602 614 659 in
633 602 737 679 quibus
753 603 869 662 testudo
886 601 1017 679 plurima.
1053 602 1135 678 oppi-

95 685 193 745 ndum
217 684 326 762 Sacae,
358 683 453 744 insula
478 683 657 762 Daphnidis,
693 685 829 764 oppidum
849 684 997 745 Aduliton.
1037 682 1136 759 Aegy·

128 770 254 846 ptiorum
266 768 322 829 hoc
334 768 413 828 servi
428 767 546 846 profugi
559 785 575 828 a
587 767 709 827 dominis
721 767 888 831 condidere.
910 766 1062 826 Maximum
1078 765 1125 826 hic
1137 769 1187 823 173

124 854 288 929 emporium
309 850 559 929 Trogodytarum,
582 852 668 911 etiam
689 851 884 929 Aethiopum,
907 851 993 910 abest
1008 868 1024 910 a
1038 849 1136 909 Ptolo·

126 935 219 995 maide
237 935 264 994 11
280 935 390 995 dierum
407 937 602 1012 navigatione.
644 934 780 996 deferunt
798 935 948 1012 plurimum
972 933 1062 1008 ebur,
1080 933 1136 992 rhi-

128 1027 424 1095 nocerotumcornua,
436 1018 708 1098 hippopotamorum
718 1021 809 1095 coria,
821 1018 938 1078 callium
951 1017 1136 1093 testudinum,

87 1116 114 1155 10
128 1103 278 1180 sphingia,
296 1104 449 1180 mancipia.
482 1103 577 1181 Supra
592 1102 755 1181 Aethiopas
773 1103 918 1162 Aroteres
935 1101 1047 1161 insulae
1063 1117 1137 1178 quae

127 1184 232 1246 Aliaeu
247 1195 403 1262 vocantur,
417 1187 488 1246 item
503 1185 641 1255 Bacchias
657 1195 688 1246 et
703 1185 908 1247 Antibacchias
923 1194 954 1246 et
966 1185 1135 1245 Stratioton.

127 1269 200 1328 Hinc
215 1270 246 1327 in
261 1286 312 1328 ora
328 1268 505 1348 Aethiopiae
523 1270 602 1329 sinus
618 1271 800 1348 incognitus,
817 1270 895 1348 quod
911 1270 1058 1344 miremur,
1073 1284 1137 1327 cum

128 1352 269 1411 ulteriora
283 1360 462 1412 mercatores
479 1360 655 1412 scrutentur.
690 1355 918 1430 promunturium
937 1354 966 1412 in
992 1368 1049 1431 quo
1070 1352 1136 1411 fons

130 1432 236 1495 Cucios
257 1436 405 1512 expetitus
426 1436 638 1510 navigantibus.
669 1436 751 1496 Ultra
771 1435 856 1495 lsidis
883 1444 1002 1514 portus,
1024 1434 1189 1495 xdie-174

89 1533 115 1572 as
130 1536 190 1577 rum
212 1520 337 1595 remigio
358 1519 395 1578 ah
418 1519 526 1598 oppido
549 1519 729 1578 Adulitarum
747 1519 867 1579 distans.
897 1521 927 1578 in
942 1536 1007 1578 eum
1024 1518 1137 1595 Trogo·

128 1602 205 1678 dytis
227 1601 343 1678 myrrha
362 1603 521 1662 confertur.
561 1602 673 1663 insulae
696 1611 763 1662 ante
786 1611 901 1681 portum
921 1600 995 1662 duae
1009 1600 1138 1661 Pseudo·

129 1685 216 1763 pylae
237 1694 394 1761 vocantur,
424 1687 581 1746 interiores
607 1685 726 1746 totidem
748 1685 853 1763 Pylae,
879 1688 908 1745 in
930 1685 1022 1745 altera
1043 1685 1138 1745 stelae

130 1768 262 1846 lapideae
283 1769 391 1829 litteris
419 1771 537 1846 ignotis.
581 1767 665 1830 Ultra
691 1770 772 1829 sinus
795 1768 930 1844 Abalitu,
958 1769 1025 1829 dein
1045 1767 1139 1828 insula

129 1851 251 1912 Diodori
272 1861 301 1911 et
324 1852 398 1912 aliae
415 1852 569 1928 desertae,
590 1871 644 1932 per
657 1855 855 1914 continentem
871 1870 987 1931 quoquc
1008 1851 1138 1928 deserte,

88 1935 267 2014 coppiano
285 1934 377 2011 Gaza,
394 1937 620 2014 promunturium
636 1944 666 1996 et
681 1945 782 2015 portus
802 1934 991 2011 Mossylites,
1008 1951 1064 2012 qno
1080 1936 1139 1994 cin·

130 2036 241 2077 ramum
256 2017 417 2078 devehitur.
445 2019 592 2096 hucusque
608 2019 754 2080 Sesostris
768 2020 928 2080 exercitum
944 2018 1032 2078 duxit.
1064 2018 1189 2082 Ati-175

127 2104 178 2180 qui
193 2120 279 2161 unum
291 2101 467 2181 Aethiopiae
480 2103 615 2181 oppidum
627 2103 702 2163 ultra
714 2112 824 2182 ponunt
841 2105 870 2163 in
886 2103 973 2163 litore
988 2102 1137 2179 Barigaza.

130 2205 146 2245 a
165 2186 325 2262 hlossylico
342 2188 541 2265 promunturio
556 2186 731 2247 Atlanticum
746 2205 824 2247 mare
840 2189 971 2265 incipere
989 2186 1050 2246 vult
1068 2185 1139 2245 Iuba

131 2276 249 2345 praeter
260 2268 453 2329 Mauretanias
467 2288 533 2329 suas
547 2269 632 2329 Gadis
645 2289 737 2349 usque
752 2271 940 2348 navigandum
952 2286 1040 2345 coro,
1056 2271 1139 2332 cuius

90 2363 117 2404 aa
132 2359 192 2409 tota
207 2353 352 2410 sententia
370 2351 426 2412 hoc
441 2353 470 2411 in
491 2352 558 2412 loco
579 2353 771 2413 subtrahenda
786 2371 845 2412 non
864 2361 919 2414 est.
956 2352 982 2411 A
1006 2369 1140 2430 promun-

132 2434 207 2494 turio
227 2434 362 2495 ludorum
384 2435 462 2515 quod
487 2443 607 2495 vocatur
622 2435 799 2515 Lepteacra,
823 2437 859 2496 ab
878 2436 943 2496 aliis
963 2435 1139 2512 Drepanum,

131 2518 270 2596 proponit
286 2525 371 2578 recto
386 2536 472 2578 cursu
486 2527 605 2596 praeter
619 2518 756 2579 Exustam
771 2528 801 2578 et
815 2518 938 2579 hialichu
950 2518 1057 2577 insulas
1072 2520 1141 2600 1’x—vp

130 2601 190 2661 mil.
213 2619 347 2678 passuum
370 2621 455 2678 esse,
481 2602 548 2661 inde
577 2603 612 2662 ad
635 2603 730 2662 locum
754 2621 839 2680 quem
863 2607 967 2662 vocant
990 2601 1139 2661 Scaeneos

132 2681 266 2744 COXXV
280 2683 326 2761 th,
341 2685 408 2746 iude
424 2686 459 2745 ad
479 2685 599 2746 insulam
622 2686 762 2745 Sadanum
780 2684 825 2745 ch
847 2686 904 2745 mil.
925 2703 1068 2764 passuum.
1098 2685 1141 2744 sic

91 2781 119 2822 eo
133 2768 195 2828 lieri
219 2768 400 2846 adapertum
421 2787 500 2829 mare
521 2772 622 2853 >Why
637 2768 743 2829 LXXV
758 2770 815 2829 mil.
833 2788 975 2848 passuum.
1012 2768 1129 2846 Reliqui
1141 2778 1192 2832 176

133 2869 233 2911 omnes
249 2861 371 2930 propter
387 2853 521 2913 ardorem
537 2853 609 2912 solis
625 2854 755 2930 navigari
771 2871 862 2932 posse
883 2871 940 2913 nou
957 2859 1139 2929 putaverunt.

133 2935 200 3012 quin
222 2944 253 2995 et
273 2938 445 2996 commercia
467 2938 531 3015 ipsa
551 2937 689 2996 infestant
711 2956 749 2997 ex
772 2937 872 2997 insulis
890 2935 1004 2995 Arabes
1020 2933 1140 2993 Ascitac

132 3018 289 3096 appellati,
315 3021 448 3097 quoniam
470 3020 595 3079 bubulos
616 3029 696 3080 utres
719 3021 805 3080 binos
832 3021 1030 3078 insternentes
1049 3024 1140 3095 ponte

134 3103 280 3177 piraticam
300 3112 440 3163 exemerit
456 3105 570 3180 sagittis
590 3106 751 3163 venenatis.
783 3101 892 3162 Gentes
909 3100 1141 3178 Trogodytarum

93 3198 119 3238 ao
133 3184 208 3244 idem
222 3184 293 3244 luha
310 3186 395 3246 tradit
413 3185 595 3247 Therothoas
610 3206 626 3245 a
642 3195 747 3247 venatu
765 3185 876 3261 dictos,
891 3186 981 3244 mirae
1002 3183 1140 3244 velocita-

134 3269 188 3344 tis,
205 3270 280 3329 sicut
293 3268 546 3348 ichthyophagos,
566 3278 698 3329 natantes
721 3288 775 3328 ceu
792 3270 879 3328 maris
900 3267 1048 3343 animalia,
1068 3266 1140 3326 Ban-

132 3368 242 3428 genos,
260 3351 426 3430 Gangeras,
443 3350 597 3430 Thalihas,
615 3353 754 3430 Sarcinas,
769 3352 901 3428 Sireeas,
917 3350 1067 3427 Daremas,
1081 3349 1140 3409 Do·

131 3451 284 3498 manames.
328 3438 397 3516 quin
422 3444 452 3497 et
477 3436 591 3497 accolas
617 3435 675 3496 Nili
704 3454 720 3496 a
744 3436 842 3514 Syene
867 3452 926 3495 uon
952 3434 1131 3513 Aethiopum
1142 3438 1191 3491 177
