2400 3856
116 145 177 211 166
461 158 492 208 c.
515 160 610 208 amm
633 158 781 208 saccum

114 317 286 391 navigantes
311 290 348 373 ab
370 313 497 389 Achaia,
525 314 616 374 dIrum
643 333 677 375 ac
696 315 878 393 pestiferum.
917 313 1036 392 Aegaei
1061 334 1131 395 pars

115 397 233 472 Myrtoo
250 398 342 459 datur.
373 398 536 477 appellatur
552 398 587 456 ab
604 397 697 457 insula
713 416 801 477 parva
818 416 892 477 quae
919 402 1051 459 cernitur
1071 398 1132 461 Ma·

114 481 262 541 cedouiam
278 499 293 541 a
307 480 449 542 Geraesto
462 481 629 560 petentibus
643 482 710 541 haut
722 483 824 559 procul
837 481 979 542 Euboeae
992 481 1131 561 Carysto.

112 565 233 627 Romani
258 568 351 626 omnia
373 566 445 626 haee
465 568 554 625 maria
569 565 681 625 duobus
700 567 863 624 nominibus
879 565 1048 645 appellant,
1071 566 1131 628 Ma-

113 650 283 710 cedonicum
313 667 491 730 quacumque
518 648 716 709 Macedoniam
744 658 791 709 aut
822 649 974 709 Threciam
1000 653 1162 729 attingit,o

114 732 292 794 Graecieuse
312 752 366 812 qua
388 731 537 793 Graeciam
553 734 652 794 adluit.
685 752 748 794 nam
766 731 868 794 Graeci
885 742 914 792 et
928 733 1042 794 Ionium
1058 735 1131 795 divi-

113 817 182 878 dunt
202 821 232 878 in
254 818 379 878 Siculum
401 837 434 877 ac
451 815 597 877 Creticum
620 817 656 876 ab
673 817 792 894 insulis,
822 820 890 877 item
910 816 1034 878 Icarium
1052 820 1132 897 quod

61 909 101 995 ng·
115 911 161 962 est
180 905 258 962 inter
272 903 385 962 Samum
406 911 436 961 et
451 899 614 976 Myconum.
648 909 748 961 cetera
766 903 880 961 nomina
896 904 995 974 simius
1016 901 1132 965 dedere

114 1004 187 1065 quos
204 987 334 1046 diximus.
450 1034 454 1039 .
1087 1057 1091 1063 Ι

60 1079 96 1132 tr
178 1067 224 1130 12.
243 1068 328 1147 (19.)
350 1068 387 1129 Et
401 1069 488 1126 maria
510 1067 625 1145 quidem
647 1078 812 1146 gentesque
830 1071 859 1127 in
883 1069 970 1128 tertio
987 1067 1166 1149 Europaeo

112 1155 177 1213 sinu
195 1153 320 1212 adhunc
336 1151 450 1210 modum
468 1170 501 1211 se
517 1151 642 1228 habent,
665 1152 778 1212 Insulae
798 1161 908 1213 autem:
931 1151 978 1211 Ex
998 1152 1130 1215 adverso

113 1235 308 1313 Thesprotiae
325 1253 340 1295 a
355 1234 498 1294 Buthroto
514 1234 569 1295 XII
589 1236 665 1295 milia
681 1254 832 1314 passuum,
857 1235 959 1296 eadem
980 1235 1017 1295 ab
1032 1236 1131 1299 Acro·

112 1321 255 1379 cerauniis
266 1320 536 1398 quInquagintamiI.
555 1318 978 1395 cumurbeeiusdemuomInis,
995 1316 1131 1397 Corcyra

111 1402 223 1463 liberae
245 1406 371 1463 civitatis
393 1413 423 1462 et
444 1404 552 1482 oppido
569 1402 713 1482 Cassiope
737 1403 905 1481 temploque
927 1401 1011 1463 Cassi
1032 1402 1128 1481 Iovis,

110 1505 247 1565 passuum
262 1486 372 1548 XCVII
388 1488 445 1548 mil.
477 1490 505 1546 in
525 1487 734 1566 longitudinem
753 1496 873 1564 patens,
896 1485 1025 1547 Homero
1050 1488 1128 1550 dIcta
1142 1503 1165 1544 rr

111 1570 232 1632 Scheria
249 1582 279 1633 et
295 1571 452 1647 Phaeacia,
478 1569 653 1631 Callimacho
671 1573 756 1630 etlam
776 1571 920 1648 Drepane.
961 1573 1040 1631 eirea
1064 1592 1128 1633 eam

111 1656 239 1734 aliquot,
262 1656 314 1716 sed
330 1656 364 1715 ad
379 1655 490 1714 Italiam
505 1674 632 1732 vergens
648 1654 814 1732 Othronos,
835 1655 869 1715 ad
886 1653 1059 1714 Leucadiam
1075 1654 1127 1716 Pa-

59 1740 94 1794 53
112 1758 170 1799 roe
188 1739 273 1815 duae,
290 1739 317 1797 V
332 1738 361 1798 Μ
384 1740 528 1799 discretae
545 1758 560 1798 a
582 1738 721 1814 Corcyra.
753 1757 809 1798 nec
827 1738 982 1815 proculab
1006 1740 1041 1798 iis
1059 1749 1128 1801 aute

112 1821 267 1899 Corcyram
295 1823 433 1901 Ericusa,
454 1822 601 1900 Marathe,
622 1822 785 1900 Elaphusa,
812 1820 970 1897 Malthace,
991 1821 1126 1901 Trachie,

7 1942 23 1953 -·
109 1907 278 1985 Pythionia,
306 1907 442 1984 Ptychia,
465 1907 624 1983 Tarachie,
650 1916 679 1967 et
703 1925 719 1965 a
739 1904 873 1966 Phalario
892 1902 1040 1981 Corcyrae
1056 1922 1161 1985 pro-ao

108 1995 253 2052 munturio
276 1992 413 2070 scopulus
438 1994 467 2050 iu
492 2009 576 2068 quem
597 1999 732 2050 mutatam
753 1988 848 2048 Ulixis
872 2007 973 2049 navem
994 2008 1011 2049 a
1037 1991 1126 2051 simili

110 2077 213 2151 specle
227 2075 324 2134 fabula
340 2084 394 2134 est.
427 2083 494 2134 ante
509 2073 691 2134 beucImnam
707 2074 837 2148 Sybota,
860 2075 937 2133 inter
952 2071 1127 2135 Leucadiam

109 2165 204 2216 autem
221 2167 251 2216 et
267 2157 405 2216 Achaiam
422 2157 594 2236 permultae,
611 2175 728 2237 quarum
745 2156 925 2217 Teleboides
942 2156 1126 2238 eaedemque

108 2238 237 2319 Taphiae
261 2241 296 2300 ab
322 2241 437 2301 Incolis.
471 2240 552 2322 [ante
573 2240 755 2318 Leucadiam]
778 2241 961 2318 appellantur
981 2239 1124 2321 Taphias,

110 2323 232 2403 Carnos,
245 2323 349 2402 Oxiae,
362 2325 529 2402 Prinoessa,
549 2334 616 2385 ante
627 2324 775 2384 Aetoliam
786 2323 961 2399 EchInades,
973 2323 1125 2405 Aegialia,
1137 2340 1161 2383 aa

110 2406 245 2487 Cotouis,
258 2409 406 2489 Thyatira,
419 2409 553 2486 Geoaris,
565 2409 716 2486 Dionysia,
730 2407 854 2485 Cyrnus,
868 2406 1124 2489 Chalcis,·Pinara,

57 2488 92 2542 54
108 2492 241 2570 Nystrus.
281 2504 347 2555 ante
370 2514 420 2555 eas
441 2497 470 2555 iu
494 2494 553 2554 alto
571 2492 774 2572 Cephallania,
798 2490 978 2568 Zacynthus,
999 2501 1125 2571 utraque

107 2578 218 2656 libera,
241 2578 350 2654 Ithaca,
374 2579 553 2654 Dulichium,
569 2578 670 2653 Same,
695 2574 831 2651 Crocyle.
863 2575 972 2636 aPano
998 2573 1125 2655 Cephal·

106 2660 182 2719 lania
200 2663 342 2738 quondam
360 2662 492 2723 Melaena
510 2662 585 2721 dicta
601 2660 629 2720 X
644 2660 758 2719 milibus
776 2678 852 2737 pass.
874 2659 976 2735 abest,
998 2662 1125 2722 circuitu

106 2751 187 2821 patet
207 2742 310 2804 XCIII.
351 2744 436 2805 Same
464 2744 557 2805 diruta
577 2763 593 2804 a
616 2744 753 2804 Romanis
776 2744 867 2803 adhuc
892 2751 987 2803 tamen
1012 2744 1161 2823 oppidaca

106 2829 161 2886 tria
175 2827 271 2887 habet.
311 2829 388 2888 Inter
401 2828 474 2888 hanc
494 2836 523 2887 et
544 2826 683 2888 Achaiam
702 2846 766 2887 cum
787 2828 896 2907 oppido
917 2828 1070 2904 magnilica
1091 2837 1124 2890 et

105 2911 258 2972 fertilitate
279 2914 435 2991 praeprua
463 2910 644 2991 Zacynthus,
671 2911 824 2990 aliquando
846 2911 993 2990 appellata
1016 2911 1122 2991 Hyrie,

107 2993 313 3075 Cephallaniae
336 3016 352 3057 a
370 2998 528 3057 meridiana
550 3007 632 3075 parte
647 2995 732 3058 XXV
746 2995 775 3055 M
793 2995 886 3056 abest.
916 3012 999 3055 mons
1016 2994 1121 3057 Elatus

52 3074 88 3128 55
105 3080 145 3140 ibi
166 3081 284 3141 nobliis.
312 3082 377 3160 ipsa
398 3083 520 3142 circuitu
537 3082 651 3159 colligit
673 3078 855 3141 XXXVIM.
895 3079 942 3139 Ab
967 3096 1002 3138 ea
1021 3079 1122 3142 Ithaca

104 3163 160 3225 XV
175 3163 205 3224 M
222 3165 323 3242 distat,
343 3167 372 3227 iu
393 3185 449 3246 qua
464 3184 546 3226 mons
564 3164 692 3226 Meritus.
723 3172 785 3224 tota
806 3182 879 3224 vero
896 3164 1017 3223 clrcuitu
1038 3173 1122 3242 patet
1135 3179 1160 3220 ot

105 3248 189 3310 XXV
203 3248 233 3309 M
247 3270 325 3331 pass.
353 3251 389 3311 ab
410 3271 446 3313 ea
460 3251 589 3310 Araxum
602 3249 802 3327 Peloponnesi
818 3248 1047 3327 promunturium
1064 3248 1122 3309 XII

104 3332 134 3391 M
149 3352 228 3411 pass.
266 3345 333 3397 ante
348 3335 422 3397 hane
445 3338 474 3395 iu
490 3333 550 3394 alto
565 3332 698 3402 Asteris,
722 3332 830 3407 Prote,
852 3340 920 3392 aute
942 3330 1123 3407 Zacynthum

101 3415 217 3478 XXXV
232 3419 261 3479 M
276 3438 352 3499 pass.
379 3423 407 3479 in
425 3436 525 3480 eurum
546 3425 663 3477 ventum
682 3415 863 3495 Strophades
884 3415 974 3491 duae,
999 3415 1035 3475 ab
1054 3415 1121 3477 aliis
