<?xml version="1.0" encoding="UTF-8"?>
<!DOCTYPE html PUBLIC "-//W3C//DTD XHTML 1.0 Transitional//EN"
    "http://www.w3.org/TR/xhtml1/DTD/xhtml1-transitional.dtd">
<html xmlns="http://www.w3.org/1999/xhtml" xml:lang="en" lang="en">
 <head>
  <title>
</title>
<meta http-equiv="Content-Type" content="text/html;charset=utf-8" />
  <meta name='ocr-system' content='tesseract 3.04.00' />
  <meta name='ocr-capabilities' content='ocr_page ocr_carea ocr_par ocr_line ocrx_word'/>
</head>
<body>
  <div class='ocr_page' id='page_1' title='image "./cplinisecundina07plingoog_0244.png"; bbox 0 0 2400 3856; ppageno 0'>
   <div class='ocr_carea' id='block_1_1' title="bbox 575 64 737 232">
    <p class='ocr_par' dir='ltr' id='par_1_1' title="bbox 575 64 737 232">
     <span class='ocr_line' id='line_1_1' title="bbox 575 64 737 232; baseline 0 -5"><span class='ocrx_word' id='word_1_1' title='bbox 575 64 737 232; x_wconf 63' lang='lat' dir='ltr'>tlh.</span> 
     </span>
    </p>
   </div>
   <div class='ocr_carea' id='block_1_2' title="bbox 81 166 1192 3507">
    <p class='ocr_par' dir='ltr' id='par_1_2' title="bbox 119 166 1192 665">
     <span class='ocr_line' id='line_1_2' title="bbox 368 166 1129 250; baseline -0.001 -20"><span class='ocrx_word' id='word_1_2' title='bbox 368 181 600 230; x_wconf 77' lang='lat' dir='ltr'>uuT.n1sT.1</span> <span class='ocrx_word' id='word_1_3' title='bbox 721 167 877 250; x_wconf 79' lang='lat' dir='ltr'>5.(-1(-.c)</span> <span class='ocrx_word' id='word_1_4' title='bbox 1071 166 1129 230; x_wconf 80' lang='lat'>157</span> 
     </span>
     <span class='ocr_line' id='line_1_3' title="bbox 120 335 1192 411; baseline -0.003 -14"><span class='ocrx_word' id='word_1_5' title='bbox 120 338 204 397; x_wconf 91' lang='lat' dir='ltr'>latur.</span> <span class='ocrx_word' id='word_1_6' title='bbox 236 335 381 396; x_wconf 84' lang='lat' dir='ltr'>Deinde</span> <span class='ocrx_word' id='word_1_7' title='bbox 373 355 402 395; x_wconf 90' lang='grc' dir='ltr'>ιιι</span> <span class='ocrx_word' id='word_1_8' title='bbox 420 336 520 394; x_wconf 91' lang='lat' dir='ltr'>intimo</span> <span class='ocrx_word' id='word_1_9' title='bbox 542 336 605 394; x_wconf 79' lang='lat' dir='ltr'>sInu</span> <span class='ocrx_word' id='word_1_10' title='bbox 626 335 747 411; x_wconf 90' lang='lat' dir='ltr'>angulus</span> <span class='ocrx_word' id='word_1_11' title='bbox 762 336 905 395; x_wconf 78' lang='lat' dir='ltr'>Boeotiae</span> <span class='ocrx_word' id='word_1_12' title='bbox 927 335 1052 394; x_wconf 88' lang='lat' dir='ltr'>adluitur</span> <span class='ocrx_word' id='word_1_13' title='bbox 1068 354 1130 394; x_wconf 91' lang='lat' dir='ltr'>cum</span> <span class='ocrx_word' id='word_1_14' title='bbox 1189 370 1192 375; x_wconf 90' lang='lat'>·</span> 
     </span>
     <span class='ocr_line' id='line_1_4' title="bbox 120 416 1131 499; baseline 0.001 -20"><span class='ocrx_word' id='word_1_15' title='bbox 120 419 236 499; x_wconf 87' lang='lat' dir='ltr'>oppidis</span> <span class='ocrx_word' id='word_1_16' title='bbox 253 420 362 497; x_wconf 91' lang='lat' dir='ltr'>Siphis,</span> <span class='ocrx_word' id='word_1_17' title='bbox 381 419 490 479; x_wconf 89' lang='lat' dir='ltr'>Thebis</span> <span class='ocrx_word' id='word_1_18' title='bbox 507 437 580 496; x_wconf 90' lang='lat' dir='ltr'>quae</span> <span class='ocrx_word' id='word_1_19' title='bbox 594 416 717 478; x_wconf 80' lang='lat' dir='ltr'>Corsiae</span> <span class='ocrx_word' id='word_1_20' title='bbox 733 420 954 496; x_wconf 78' lang='lat' dir='ltr'>cognominatae</span> <span class='ocrx_word' id='word_1_21' title='bbox 971 429 1036 479; x_wconf 87' lang='lat' dir='ltr'>sunt</span> <span class='ocrx_word' id='word_1_22' title='bbox 1052 422 1131 481; x_wconf 88' lang='lat' dir='ltr'>iuxta</span> 
     </span>
     <span class='ocr_line' id='line_1_5' title="bbox 119 502 1130 594; baseline 0 -32"><span class='ocrx_word' id='word_1_23' title='bbox 119 513 246 563; x_wconf 89' lang='lat' dir='ltr'>montem</span> <span class='ocrx_word' id='word_1_24' title='bbox 260 503 441 564; x_wconf 83' lang='lat' dir='ltr'>Heliconem.</span> <span class='ocrx_word' id='word_1_25' title='bbox 479 505 596 563; x_wconf 91' lang='lat' dir='ltr'>tertium</span> <span class='ocrx_word' id='word_1_26' title='bbox 618 502 652 561; x_wconf 91' lang='lat' dir='ltr'>ab</span> <span class='ocrx_word' id='word_1_27' title='bbox 672 502 727 562; x_wconf 92' lang='lat' dir='ltr'>hoc</span> <span class='ocrx_word' id='word_1_28' title='bbox 743 505 812 562; x_wconf 92' lang='lat' dir='ltr'>mari</span> <span class='ocrx_word' id='word_1_29' title='bbox 830 503 972 594; x_wconf 80' lang='lat' dir='ltr'>Boeotiae</span> <span class='ocrx_word' id='word_1_30' title='bbox 994 505 1130 584; x_wconf 91' lang='lat' dir='ltr'>oppidum</span> 
     </span>
     <span class='ocr_line' id='line_1_6' title="bbox 119 585 984 665; baseline -0.005 -18"><span class='ocrx_word' id='word_1_31' title='bbox 119 588 228 665; x_wconf 80' lang='lat' dir='ltr'>Pagae,</span> <span class='ocrx_word' id='word_1_32' title='bbox 244 588 319 647; x_wconf 90' lang='lat' dir='ltr'>unde</span> <span class='ocrx_word' id='word_1_33' title='bbox 336 587 534 664; x_wconf 89' lang='lat' dir='ltr'>Peloponnesi</span> <span class='ocrx_word' id='word_1_34' title='bbox 553 585 669 664; x_wconf 81' lang='lat' dir='ltr'>prosilit</span> <span class='ocrx_word' id='word_1_35' title='bbox 685 588 795 647; x_wconf 89' lang='lat' dir='ltr'>cervix</span> <span class='ocrx_word' id='word_1_36' title='bbox 981 630 984 634; x_wconf 86' lang='lat'>.</span> 
     </span>
    </p>

    <p class='ocr_par' dir='ltr' id='par_1_3' title="bbox 90 669 1189 1083">
     <span class='ocr_line' id='line_1_7' title="bbox 90 669 1165 750; baseline 0.004 -24"><span class='ocrx_word' id='word_1_37' title='bbox 90 686 103 726; x_wconf 83' lang='lat' dir='ltr'>c</span> <span class='ocrx_word' id='word_1_38' title='bbox 184 671 212 731; x_wconf 89' lang='lat'>4.</span> <span class='ocrx_word' id='word_1_39' title='bbox 231 670 292 750; x_wconf 81' lang='lat'>(5.)</span> <span class='ocrx_word' id='word_1_40' title='bbox 311 670 554 749; x_wconf 89' lang='lat' dir='ltr'>Peloponnesus,</span> <span class='ocrx_word' id='word_1_41' title='bbox 578 669 653 748; x_wconf 91' lang='lat' dir='ltr'>Apia</span> <span class='ocrx_word' id='word_1_42' title='bbox 674 677 758 729; x_wconf 91' lang='lat' dir='ltr'>antea</span> <span class='ocrx_word' id='word_1_43' title='bbox 773 670 920 749; x_wconf 89' lang='lat' dir='ltr'>appellata</span> <span class='ocrx_word' id='word_1_44' title='bbox 941 680 970 730; x_wconf 89' lang='lat' dir='ltr'>et</span> <span class='ocrx_word' id='word_1_45' title='bbox 985 671 1165 747; x_wconf 73' lang='lat' dir='ltr'>Pelasgia,9</span> 
     </span>
     <span class='ocr_line' id='line_1_8' title="bbox 120 753 1130 833; baseline 0.001 -20"><span class='ocrx_word' id='word_1_46' title='bbox 120 755 290 833; x_wconf 88' lang='lat' dir='ltr'>paeninsula</span> <span class='ocrx_word' id='word_1_47' title='bbox 307 754 375 814; x_wconf 93' lang='lat' dir='ltr'>haut</span> <span class='ocrx_word' id='word_1_48' title='bbox 399 754 449 814; x_wconf 90' lang='lat' dir='ltr'>ulli</span> <span class='ocrx_word' id='word_1_49' title='bbox 467 762 564 813; x_wconf 92' lang='lat' dir='ltr'>terrae</span> <span class='ocrx_word' id='word_1_50' title='bbox 587 753 739 813; x_wconf 91' lang='lat' dir='ltr'>nobilitate</span> <span class='ocrx_word' id='word_1_51' title='bbox 756 754 961 831; x_wconf 80' lang='lat' dir='ltr'>postferenda,</span> <span class='ocrx_word' id='word_1_52' title='bbox 980 755 1130 814; x_wconf 91' lang='lat' dir='ltr'>interduo</span> 
     </span>
     <span class='ocr_line' id='line_1_9' title="bbox 120 836 1131 914; baseline -0.001 -17"><span class='ocrx_word' id='word_1_53' title='bbox 120 840 209 898; x_wconf 85' lang='lat' dir='ltr'>maria</span> <span class='ocrx_word' id='word_1_54' title='bbox 225 838 378 914; x_wconf 88' lang='lat' dir='ltr'>Aegaeum</span> <span class='ocrx_word' id='word_1_55' title='bbox 394 847 423 896; x_wconf 93' lang='lat' dir='ltr'>et</span> <span class='ocrx_word' id='word_1_56' title='bbox 439 836 565 913; x_wconf 93' lang='lat' dir='ltr'>Ionium,</span> <span class='ocrx_word' id='word_1_57' title='bbox 587 837 694 914; x_wconf 89' lang='lat' dir='ltr'>platani</span> <span class='ocrx_word' id='word_1_58' title='bbox 711 837 784 896; x_wconf 88' lang='lat' dir='ltr'>lolio</span> <span class='ocrx_word' id='word_1_59' title='bbox 801 837 920 912; x_wconf 86' lang='lat' dir='ltr'>simIlis,</span> <span class='ocrx_word' id='word_1_60' title='bbox 944 846 1067 914; x_wconf 88' lang='lat' dir='ltr'>propter</span> <span class='ocrx_word' id='word_1_61' title='bbox 1084 856 1131 896; x_wconf 93' lang='lat' dir='ltr'>an·</span> 
     </span>
     <span class='ocr_line' id='line_1_10' title="bbox 120 918 1130 998; baseline 0 -18"><span class='ocrx_word' id='word_1_62' title='bbox 120 922 243 998; x_wconf 84' lang='lat' dir='ltr'>gulosos</span> <span class='ocrx_word' id='word_1_63' title='bbox 266 939 423 981; x_wconf 88' lang='lat' dir='ltr'>recessuus</span> <span class='ocrx_word' id='word_1_64' title='bbox 446 923 567 980; x_wconf 90' lang='lat' dir='ltr'>circuitu</span> <span class='ocrx_word' id='word_1_65' title='bbox 592 919 711 980; x_wconf 89' lang='lat' dir='ltr'>DLXIII</span> <span class='ocrx_word' id='word_1_66' title='bbox 732 918 761 978; x_wconf 99' lang='grc' dir='ltr'><strong>Μ</strong></span> <span class='ocrx_word' id='word_1_67' title='bbox 780 938 858 998; x_wconf 89' lang='lat' dir='ltr'>pass.</span> <span class='ocrx_word' id='word_1_68' title='bbox 884 920 997 997; x_wconf 89' lang='lat' dir='ltr'>colligit</span> <span class='ocrx_word' id='word_1_69' title='bbox 1011 928 1130 980; x_wconf 89' lang='lat' dir='ltr'>auctore</span> 
     </span>
     <span class='ocr_line' id='line_1_11' title="bbox 120 1003 1189 1083; baseline 0 -19"><span class='ocrx_word' id='word_1_70' title='bbox 120 1004 244 1064; x_wconf 90' lang='lat' dir='ltr'>Isidoro.</span> <span class='ocrx_word' id='word_1_71' title='bbox 269 1005 369 1064; x_wconf 92' lang='lat' dir='ltr'>eadem</span> <span class='ocrx_word' id='word_1_72' title='bbox 384 1023 438 1082; x_wconf 91' lang='lat' dir='ltr'>per</span> <span class='ocrx_word' id='word_1_73' title='bbox 452 1006 551 1064; x_wconf 89' lang='lat' dir='ltr'>sinuus</span> <span class='ocrx_word' id='word_1_74' title='bbox 565 1023 660 1083; x_wconf 90' lang='lat' dir='ltr'>paene</span> <span class='ocrx_word' id='word_1_75' title='bbox 676 1004 842 1065; x_wconf 75' lang='lat' dir='ltr'>tantundem</span> <span class='ocrx_word' id='word_1_76' title='bbox 853 1003 947 1064; x_wconf 88' lang='lat' dir='ltr'>adicit.</span> <span class='ocrx_word' id='word_1_77' title='bbox 969 1004 1131 1080; x_wconf 83' lang='lat' dir='ltr'>Angustiae</span> <span class='ocrx_word' id='word_1_78' title='bbox 1186 1012 1189 1016; x_wconf 57' lang='lat'><strong><em>⁴</em></strong></span> 
     </span>
    </p>

    <p class='ocr_par' dir='ltr' id='par_1_4' title="bbox 81 1087 1192 1923">
     <span class='ocr_line' id='line_1_12' title="bbox 81 1087 1192 1181; baseline 0.004 -37"><span class='ocrx_word' id='word_1_79' title='bbox 81 1107 107 1145; x_wconf 78' lang='lat' dir='ltr'>ro</span> <span class='ocrx_word' id='word_1_80' title='bbox 121 1089 195 1148; x_wconf 93' lang='lat' dir='ltr'>uude</span> <span class='ocrx_word' id='word_1_81' title='bbox 217 1089 351 1168; x_wconf 84' lang='lat' dir='ltr'>procedit</span> <span class='ocrx_word' id='word_1_82' title='bbox 366 1089 491 1148; x_wconf 88' lang='lat' dir='ltr'>Isthmos</span> <span class='ocrx_word' id='word_1_83' title='bbox 507 1089 698 1166; x_wconf 90' lang='lat' dir='ltr'>appellantur.</span> <span class='ocrx_word' id='word_1_84' title='bbox 738 1087 770 1148; x_wconf 91' lang='lat' dir='ltr'>In</span> <span class='ocrx_word' id='word_1_85' title='bbox 792 1106 829 1149; x_wconf 87' lang='lat' dir='ltr'>eo</span> <span class='ocrx_word' id='word_1_86' title='bbox 850 1088 917 1148; x_wconf 92' lang='lat' dir='ltr'>loco</span> <span class='ocrx_word' id='word_1_87' title='bbox 939 1089 1132 1166; x_wconf 90' lang='lat' dir='ltr'>inrumpentia</span> <span class='ocrx_word' id='word_1_88' title='bbox 1180 1158 1192 1181; x_wconf 36' lang='lat'><strong><em>³</em></strong></span> 
     </span>
     <span class='ocr_line' id='line_1_13' title="bbox 121 1173 1130 1250; baseline 0 -18"><span class='ocrx_word' id='word_1_89' title='bbox 121 1192 138 1232; x_wconf 88' lang='lat' dir='ltr'>e</span> <span class='ocrx_word' id='word_1_90' title='bbox 154 1173 270 1232; x_wconf 90' lang='lat' dir='ltr'>diverso</span> <span class='ocrx_word' id='word_1_91' title='bbox 287 1191 360 1250; x_wconf 86' lang='lat' dir='ltr'>quae</span> <span class='ocrx_word' id='word_1_92' title='bbox 377 1173 452 1232; x_wconf 91' lang='lat' dir='ltr'>dicta</span> <span class='ocrx_word' id='word_1_93' title='bbox 467 1181 533 1232; x_wconf 92' lang='lat' dir='ltr'>sunt</span> <span class='ocrx_word' id='word_1_94' title='bbox 548 1174 637 1232; x_wconf 92' lang='lat' dir='ltr'>maria</span> <span class='ocrx_word' id='word_1_95' title='bbox 652 1190 668 1231; x_wconf 94' lang='lat' dir='ltr'>a</span> <span class='ocrx_word' id='word_1_96' title='bbox 683 1174 885 1250; x_wconf 87' lang='lat' dir='ltr'>septentrione</span> <span class='ocrx_word' id='word_1_97' title='bbox 903 1181 932 1233; x_wconf 88' lang='lat' dir='ltr'>et</span> <span class='ocrx_word' id='word_1_98' title='bbox 951 1181 1056 1232; x_wconf 84' lang='lat' dir='ltr'>exortu</span> <span class='ocrx_word' id='word_1_99' title='bbox 1068 1174 1130 1233; x_wconf 90' lang='lat' dir='ltr'>eius</span> 
     </span>
     <span class='ocr_line' id='line_1_14' title="bbox 123 1255 1131 1332; baseline 0.002 -17"><span class='ocrx_word' id='word_1_100' title='bbox 123 1273 235 1315; x_wconf 92' lang='lat' dir='ltr'>omnem</span> <span class='ocrx_word' id='word_1_101' title='bbox 250 1257 290 1315; x_wconf 94' lang='lat' dir='ltr'>ibi</span> <span class='ocrx_word' id='word_1_102' title='bbox 309 1257 488 1316; x_wconf 88' lang='lat' dir='ltr'>latitudinem</span> <span class='ocrx_word' id='word_1_103' title='bbox 505 1265 618 1332; x_wconf 91' lang='lat' dir='ltr'>vorant,</span> <span class='ocrx_word' id='word_1_104' title='bbox 634 1255 728 1315; x_wconf 93' lang='lat' dir='ltr'>donec</span> <span class='ocrx_word' id='word_1_105' title='bbox 744 1257 890 1316; x_wconf 90' lang='lat' dir='ltr'>contrario</span> <span class='ocrx_word' id='word_1_106' title='bbox 907 1259 1023 1316; x_wconf 89' lang='lat' dir='ltr'>incursu</span> <span class='ocrx_word' id='word_1_107' title='bbox 1039 1265 1131 1318; x_wconf 88' lang='lat' dir='ltr'>tanto·</span> 
     </span>
     <span class='ocr_line' id='line_1_15' title="bbox 121 1338 1131 1420; baseline 0.003 -21"><span class='ocrx_word' id='word_1_108' title='bbox 121 1357 184 1399; x_wconf 90' lang='lat' dir='ltr'>rum</span> <span class='ocrx_word' id='word_1_109' title='bbox 208 1356 366 1417; x_wconf 84' lang='lat' dir='ltr'>aequorum</span> <span class='ocrx_word' id='word_1_110' title='bbox 391 1341 421 1398; x_wconf 95' lang='lat' dir='ltr'>in</span> <span class='ocrx_word' id='word_1_111' title='bbox 447 1338 475 1397; x_wconf 89' lang='lat' dir='ltr'>V</span> <span class='ocrx_word' id='word_1_112' title='bbox 498 1338 527 1397; x_wconf 92' lang='grc' dir='ltr'><strong>Μ</strong></span> <span class='ocrx_word' id='word_1_113' title='bbox 552 1357 629 1416; x_wconf 92' lang='lat' dir='ltr'>pass</span> <span class='ocrx_word' id='word_1_114' title='bbox 655 1339 836 1398; x_wconf 90' lang='lat' dir='ltr'>intervallum</span> <span class='ocrx_word' id='word_1_115' title='bbox 862 1343 961 1400; x_wconf 86' lang='lat' dir='ltr'>exesis</span> <span class='ocrx_word' id='word_1_116' title='bbox 988 1344 1131 1420; x_wconf 87' lang='lat' dir='ltr'>utrimque</span> 
     </span>
     <span class='ocr_line' id='line_1_16' title="bbox 121 1422 1129 1510; baseline 0.003 -30"><span class='ocrx_word' id='word_1_117' title='bbox 121 1422 262 1482; x_wconf 88' lang='lat' dir='ltr'>lateribus</span> <span class='ocrx_word' id='word_1_118' title='bbox 289 1430 410 1499; x_wconf 88' lang='lat' dir='ltr'>angusta</span> <span class='ocrx_word' id='word_1_119' title='bbox 438 1423 555 1482; x_wconf 89' lang='lat' dir='ltr'>cervice</span> <span class='ocrx_word' id='word_1_120' title='bbox 579 1422 815 1500; x_wconf 86' lang='lat' dir='ltr'>Peloponnesum</span> <span class='ocrx_word' id='word_1_121' title='bbox 842 1425 989 1510; x_wconf 89' lang='lat' dir='ltr'>contineat</span> <span class='ocrx_word' id='word_1_122' title='bbox 1020 1423 1129 1486; x_wconf 87' lang='lat' dir='ltr'>Hellas.</span> 
     </span>
     <span class='ocr_line' id='line_1_17' title="bbox 82 1498 1183 1584; baseline 0.005 -20.198"><span class='ocrx_word' id='word_1_123' title='bbox 82 1498 326 1565; x_wconf 69' lang='lat' dir='ltr'>mcortnrhtacus</span> <span class='ocrx_word' id='word_1_124' title='bbox 343 1506 419 1581; x_wconf 90' lang='lat' dir='ltr'>hinc,</span> <span class='ocrx_word' id='word_1_125' title='bbox 437 1506 516 1565; x_wconf 84' lang='lat' dir='ltr'>Illinc</span> <span class='ocrx_word' id='word_1_126' title='bbox 537 1505 693 1565; x_wconf 85' lang='lat' dir='ltr'>Saronicus</span> <span class='ocrx_word' id='word_1_127' title='bbox 708 1506 909 1584; x_wconf 90' lang='lat' dir='ltr'>appellatur&#39;</span> <span class='ocrx_word' id='word_1_128' title='bbox 886 1507 982 1583; x_wconf 81' lang='lat' dir='ltr'>sinus,</span> <span class='ocrx_word' id='word_1_129' title='bbox 998 1505 1132 1568; x_wconf 82' lang='lat' dir='ltr'>Lecheae</span> <span class='ocrx_word' id='word_1_130' title='bbox 1151 1509 1183 1561; x_wconf 89' lang='lat'>1⁰</span> 
     </span>
     <span class='ocr_line' id='line_1_18' title="bbox 120 1588 1131 1687; baseline 0 -38"><span class='ocrx_word' id='word_1_131' title='bbox 120 1590 203 1687; x_wconf 79' lang='lat' dir='ltr'>hioc,</span> <span class='ocrx_word' id='word_1_132' title='bbox 220 1588 390 1650; x_wconf 83' lang='lat' dir='ltr'>Cenchreae</span> <span class='ocrx_word' id='word_1_133' title='bbox 405 1590 484 1650; x_wconf 87' lang='lat' dir='ltr'>Illinc</span> <span class='ocrx_word' id='word_1_134' title='bbox 499 1591 695 1667; x_wconf 90' lang='lat' dir='ltr'>angustiarum</span> <span class='ocrx_word' id='word_1_135' title='bbox 712 1592 825 1649; x_wconf 88' lang='lat' dir='ltr'>termini</span> <span class='ocrx_word' id='word_1_136' title='bbox 837 1589 952 1667; x_wconf 93' lang='lat' dir='ltr'>,longo</span> <span class='ocrx_word' id='word_1_137' title='bbox 969 1599 998 1648; x_wconf 90' lang='lat' dir='ltr'>et</span> <span class='ocrx_word' id='word_1_138' title='bbox 1014 1593 1131 1668; x_wconf 88' lang='lat' dir='ltr'>ancipiti</span> 
     </span>
     <span class='ocr_line' id='line_1_19' title="bbox 120 1672 1162 1753; baseline 0 -21"><span class='ocrx_word' id='word_1_139' title='bbox 120 1675 234 1732; x_wconf 91' lang='lat' dir='ltr'>navium</span> <span class='ocrx_word' id='word_1_140' title='bbox 251 1673 358 1733; x_wconf 91' lang='lat' dir='ltr'>ambitu</span> <span class='ocrx_word' id='word_1_141' title='bbox 380 1692 450 1752; x_wconf 87' lang='lat' dir='ltr'>quas</span> <span class='ocrx_word' id='word_1_142' title='bbox 469 1673 635 1750; x_wconf 90' lang='lat' dir='ltr'>magnitudo</span> <span class='ocrx_word' id='word_1_143' title='bbox 659 1675 795 1751; x_wconf 90' lang='lat' dir='ltr'>plaustris</span> <span class='ocrx_word' id='word_1_144' title='bbox 818 1672 964 1733; x_wconf 88' lang='lat' dir='ltr'>transvehi</span> <span class='ocrx_word' id='word_1_145' title='bbox 983 1672 1132 1753; x_wconf 88' lang='lat' dir='ltr'>prohibet,</span> <span class='ocrx_word' id='word_1_146' title='bbox 1159 1746 1162 1751; x_wconf 28' lang='grc'><strong>,</strong></span> 
     </span>
     <span class='ocr_line' id='line_1_20' title="bbox 122 1756 1131 1836; baseline 0.003 -21"><span class='ocrx_word' id='word_1_147' title='bbox 122 1774 205 1834; x_wconf 90' lang='lat' dir='ltr'>quam</span> <span class='ocrx_word' id='word_1_148' title='bbox 221 1758 265 1824; x_wconf 63' lang='lat' dir='ltr'>,ob</span> <span class='ocrx_word' id='word_1_149' title='bbox 292 1775 406 1817; x_wconf 90' lang='lat' dir='ltr'>causam</span> <span class='ocrx_word' id='word_1_150' title='bbox 426 1758 584 1836; x_wconf 81' lang='lat' dir='ltr'>perfodere</span> <span class='ocrx_word' id='word_1_151' title='bbox 611 1756 768 1834; x_wconf 90' lang='lat' dir='ltr'>navigabili</span> <span class='ocrx_word' id='word_1_152' title='bbox 795 1756 881 1816; x_wconf 84' lang='lat' dir='ltr'>alveo</span> <span class='ocrx_word' id='word_1_153' title='bbox 907 1760 1056 1834; x_wconf 85' lang='lat' dir='ltr'>angustias</span> <span class='ocrx_word' id='word_1_154' title='bbox 1082 1777 1131 1818; x_wconf 90' lang='lat' dir='ltr'>eas</span> 
     </span>
     <span class='ocr_line' id='line_1_21' title="bbox 122 1838 1132 1923; baseline 0.002 -25"><span class='ocrx_word' id='word_1_155' title='bbox 122 1849 302 1923; x_wconf 85' lang='lat' dir='ltr'>temptavere</span> <span class='ocrx_word' id='word_1_156' title='bbox 318 1840 484 1901; x_wconf 89' lang='lat' dir='ltr'>Demetrius</span> <span class='ocrx_word' id='word_1_157' title='bbox 502 1860 573 1918; x_wconf 88' lang='lat' dir='ltr'>rex,</span> <span class='ocrx_word' id='word_1_158' title='bbox 592 1840 716 1901; x_wconf 83' lang='lat' dir='ltr'>dIctator</span> <span class='ocrx_word' id='word_1_159' title='bbox 732 1838 856 1918; x_wconf 87' lang='lat' dir='ltr'>Caesar,</span> <span class='ocrx_word' id='word_1_160' title='bbox 881 1839 968 1900; x_wconf 88' lang='lat' dir='ltr'>Gaius</span> <span class='ocrx_word' id='word_1_161' title='bbox 984 1843 1132 1920; x_wconf 89' lang='lat' dir='ltr'>princeps,</span> 
     </span>
    </p>

    <p class='ocr_par' dir='ltr' id='par_1_5' title="bbox 81 1923 1181 2340">
     <span class='ocr_line' id='line_1_22' title="bbox 81 1923 1181 2004; baseline 0.006 -26"><span class='ocrx_word' id='word_1_162' title='bbox 81 1941 108 1979; x_wconf 82' lang='lat' dir='ltr'>ao</span> <span class='ocrx_word' id='word_1_163' title='bbox 122 1923 264 1983; x_wconf 88' lang='lat' dir='ltr'>Domitius</span> <span class='ocrx_word' id='word_1_164' title='bbox 280 1923 361 1985; x_wconf 92' lang='lat' dir='ltr'>Nero</span> <span class='ocrx_word' id='word_1_165' title='bbox 368 1967 378 2001; x_wconf 90' lang='lat'>‚</span> <span class='ocrx_word' id='word_1_166' title='bbox 394 1925 527 2002; x_wconf 82' lang='lat' dir='ltr'>nefasto,</span> <span class='ocrx_word' id='word_1_167' title='bbox 545 1934 574 1984; x_wconf 92' lang='lat' dir='ltr'>ut</span> <span class='ocrx_word' id='word_1_168' title='bbox 591 1927 714 1984; x_wconf 92' lang='lat' dir='ltr'>omnium</span> <span class='ocrx_word' id='word_1_169' title='bbox 730 1926 809 1984; x_wconf 80' lang='lat' dir='ltr'>exitu</span> <span class='ocrx_word' id='word_1_170' title='bbox 824 1927 931 2004; x_wconf 89' lang='lat' dir='ltr'>patuit,</span> <span class='ocrx_word' id='word_1_171' title='bbox 948 1926 1077 2003; x_wconf 89' lang='lat' dir='ltr'>incepto.</span> <span class='ocrx_word' id='word_1_172' title='bbox 1100 1926 1132 1985; x_wconf 93' lang='lat' dir='ltr'>In</span> <span class='ocrx_word' id='word_1_173' title='bbox 1151 1942 1181 1995; x_wconf 80' lang='grc' dir='ltr'>ιι</span> 
     </span>
     <span class='ocr_line' id='line_1_23' title="bbox 120 2008 1162 2087; baseline -0.003 -21"><span class='ocrx_word' id='word_1_174' title='bbox 120 2008 218 2070; x_wconf 90' lang='lat' dir='ltr'>medio</span> <span class='ocrx_word' id='word_1_175' title='bbox 244 2008 301 2068; x_wconf 91' lang='lat' dir='ltr'>hoc</span> <span class='ocrx_word' id='word_1_176' title='bbox 328 2009 482 2069; x_wconf 92' lang='lat' dir='ltr'>intervallo</span> <span class='ocrx_word' id='word_1_177' title='bbox 506 2008 583 2086; x_wconf 88' lang='lat' dir='ltr'>quod</span> <span class='ocrx_word' id='word_1_178' title='bbox 603 2008 732 2069; x_wconf 89' lang='lat' dir='ltr'>Isthmon</span> <span class='ocrx_word' id='word_1_179' title='bbox 756 2009 965 2087; x_wconf 88' lang='lat' dir='ltr'>appellavimus</span> <span class='ocrx_word' id='word_1_180' title='bbox 990 2009 1162 2087; x_wconf 77' lang='lat' dir='ltr'>adplicatos</span> 
     </span>
     <span class='ocr_line' id='line_1_24' title="bbox 121 2090 1133 2171; baseline 0.002 -20"><span class='ocrx_word' id='word_1_181' title='bbox 121 2091 190 2151; x_wconf 92' lang='lat' dir='ltr'>colli</span> <span class='ocrx_word' id='word_1_182' title='bbox 209 2091 355 2153; x_wconf 90' lang='lat' dir='ltr'>habitator</span> <span class='ocrx_word' id='word_1_183' title='bbox 375 2092 490 2152; x_wconf 91' lang='lat' dir='ltr'>colonia</span> <span class='ocrx_word' id='word_1_184' title='bbox 507 2090 661 2151; x_wconf 91' lang='lat' dir='ltr'>Corinthus</span> <span class='ocrx_word' id='word_1_185' title='bbox 678 2101 762 2153; x_wconf 91' lang='lat' dir='ltr'>antea</span> <span class='ocrx_word' id='word_1_186' title='bbox 778 2092 897 2171; x_wconf 74' lang='lat' dir='ltr'>Ephyra</span> <span class='ocrx_word' id='word_1_187' title='bbox 918 2093 993 2153; x_wconf 89' lang='lat' dir='ltr'>dicta</span> <span class='ocrx_word' id='word_1_188' title='bbox 1008 2112 1133 2171; x_wconf 82' lang='lat' dir='ltr'>sexage-</span> 
     </span>
     <span class='ocr_line' id='line_1_25' title="bbox 121 2175 1133 2255; baseline 0.004 -21"><span class='ocrx_word' id='word_1_189' title='bbox 121 2177 166 2235; x_wconf 87' lang='lat' dir='ltr'>nis</span> <span class='ocrx_word' id='word_1_190' title='bbox 185 2177 219 2236; x_wconf 92' lang='lat' dir='ltr'>ab</span> <span class='ocrx_word' id='word_1_191' title='bbox 235 2186 361 2255; x_wconf 90' lang='lat' dir='ltr'>utroque</span> <span class='ocrx_word' id='word_1_192' title='bbox 378 2176 466 2236; x_wconf 92' lang='lat' dir='ltr'>litore</span> <span class='ocrx_word' id='word_1_193' title='bbox 486 2175 598 2253; x_wconf 92' lang='lat' dir='ltr'>stadiis,</span> <span class='ocrx_word' id='word_1_194' title='bbox 615 2196 632 2236; x_wconf 90' lang='lat' dir='ltr'>e</span> <span class='ocrx_word' id='word_1_195' title='bbox 648 2195 754 2236; x_wconf 90' lang='lat' dir='ltr'>summa</span> <span class='ocrx_word' id='word_1_196' title='bbox 769 2195 821 2236; x_wconf 89' lang='lat' dir='ltr'>sua</span> <span class='ocrx_word' id='word_1_197' title='bbox 837 2194 905 2237; x_wconf 90' lang='lat' dir='ltr'>arce</span> <span class='ocrx_word' id='word_1_198' title='bbox 921 2195 994 2255; x_wconf 89' lang='lat' dir='ltr'>quae</span> <span class='ocrx_word' id='word_1_199' title='bbox 1011 2187 1133 2238; x_wconf 89' lang='lat' dir='ltr'>vocatur</span> 
     </span>
     <span class='ocr_line' id='line_1_26' title="bbox 121 2258 1132 2340; baseline 0.004 -23"><span class='ocrx_word' id='word_1_200' title='bbox 121 2258 368 2334; x_wconf 80' lang='lat' dir='ltr'>Acrocorinthos,</span> <span class='ocrx_word' id='word_1_201' title='bbox 394 2262 497 2337; x_wconf 86' lang='lat' dir='ltr'>inqua</span> <span class='ocrx_word' id='word_1_202' title='bbox 518 2261 584 2319; x_wconf 90' lang='lat' dir='ltr'>lons</span> <span class='ocrx_word' id='word_1_203' title='bbox 601 2259 724 2336; x_wconf 87' lang='lat' dir='ltr'>Pirene,</span> <span class='ocrx_word' id='word_1_204' title='bbox 753 2261 868 2321; x_wconf 84' lang='lat' dir='ltr'>diversa</span> <span class='ocrx_word' id='word_1_205' title='bbox 889 2261 945 2320; x_wconf 90' lang='lat' dir='ltr'>duo</span> <span class='ocrx_word' id='word_1_206' title='bbox 961 2262 1048 2321; x_wconf 88' lang='lat' dir='ltr'>marla</span> <span class='ocrx_word' id='word_1_207' title='bbox 1065 2279 1132 2340; x_wconf 91' lang='lat' dir='ltr'>pro·</span> 
     </span>
    </p>

    <p class='ocr_par' dir='ltr' id='par_1_6' title="bbox 83 2340 1162 2752">
     <span class='ocr_line' id='line_1_27' title="bbox 83 2340 1132 2420; baseline 0.006 -23"><span class='ocrx_word' id='word_1_208' title='bbox 83 2359 109 2398; x_wconf 72' lang='lat' dir='ltr'>aa</span> <span class='ocrx_word' id='word_1_209' title='bbox 123 2351 269 2419; x_wconf 87' lang='lat' dir='ltr'>spectans.</span> <span class='ocrx_word' id='word_1_210' title='bbox 285 2341 463 2401; x_wconf 86' lang='lat' dir='ltr'>LXXXVIII</span> <span class='ocrx_word' id='word_1_211' title='bbox 474 2340 503 2399; x_wconf 94' lang='grc' dir='ltr'><strong>Μ</strong></span> <span class='ocrx_word' id='word_1_212' title='bbox 515 2360 595 2420; x_wconf 91' lang='lat' dir='ltr'>pass.</span> <span class='ocrx_word' id='word_1_213' title='bbox 612 2343 647 2401; x_wconf 91' lang='lat' dir='ltr'>ad</span> <span class='ocrx_word' id='word_1_214' title='bbox 659 2341 874 2402; x_wconf 83' lang='lat' dir='ltr'>Corinthiacum</span> <span class='ocrx_word' id='word_1_215' title='bbox 889 2346 981 2403; x_wconf 88' lang='lat' dir='ltr'>sinum</span> <span class='ocrx_word' id='word_1_216' title='bbox 994 2347 1132 2403; x_wconf 90' lang='lat' dir='ltr'>traiectus</span> 
     </span>
     <span class='ocr_line' id='line_1_28' title="bbox 123 2423 1133 2504; baseline 0.001 -20"><span class='ocrx_word' id='word_1_217' title='bbox 123 2434 169 2484; x_wconf 93' lang='lat' dir='ltr'>est</span> <span class='ocrx_word' id='word_1_218' title='bbox 190 2425 290 2484; x_wconf 88' lang='lat' dir='ltr'>Patras</span> <span class='ocrx_word' id='word_1_219' title='bbox 311 2442 327 2483; x_wconf 95' lang='lat' dir='ltr'>a</span> <span class='ocrx_word' id='word_1_220' title='bbox 349 2423 493 2487; x_wconf 86' lang='lat' dir='ltr'>Leucade.</span> <span class='ocrx_word' id='word_1_221' title='bbox 530 2424 655 2500; x_wconf 89' lang='lat' dir='ltr'>Patrae,</span> <span class='ocrx_word' id='word_1_222' title='bbox 683 2425 799 2484; x_wconf 90' lang='lat' dir='ltr'>colonia</span> <span class='ocrx_word' id='word_1_223' title='bbox 819 2427 849 2483; x_wconf 91' lang='lat' dir='ltr'>in</span> <span class='ocrx_word' id='word_1_224' title='bbox 874 2425 1046 2501; x_wconf 82' lang='lat' dir='ltr'>longissImo</span> <span class='ocrx_word' id='word_1_225' title='bbox 1066 2433 1133 2504; x_wconf 84' lang='lat' dir='ltr'>pr&#39;o·</span> 
     </span>
     <span class='ocr_line' id='line_1_29' title="bbox 121 2506 1132 2585; baseline 0 -19"><span class='ocrx_word' id='word_1_226' title='bbox 121 2509 265 2566; x_wconf 90' lang='lat' dir='ltr'>munturio</span> <span class='ocrx_word' id='word_1_227' title='bbox 279 2506 477 2585; x_wconf 90' lang='lat' dir='ltr'>Peloponnesi</span> <span class='ocrx_word' id='word_1_228' title='bbox 491 2506 606 2567; x_wconf 89' lang='lat' dir='ltr'>condita</span> <span class='ocrx_word' id='word_1_229' title='bbox 618 2523 655 2566; x_wconf 87' lang='lat' dir='ltr'>ex</span> <span class='ocrx_word' id='word_1_230' title='bbox 664 2507 794 2566; x_wconf 86' lang='lat' dir='ltr'>adverso</span> <span class='ocrx_word' id='word_1_231' title='bbox 807 2506 944 2566; x_wconf 75' lang='lat' dir='ltr'>Aetoliae</span> <span class='ocrx_word' id='word_1_232' title='bbox 963 2517 994 2567; x_wconf 91' lang='lat' dir='ltr'>et</span> <span class='ocrx_word' id='word_1_233' title='bbox 1010 2508 1132 2568; x_wconf 81' lang='lat' dir='ltr'>[luminis</span> 
     </span>
     <span class='ocr_line' id='line_1_30' title="bbox 122 2589 1162 2669; baseline 0.005 -20"><span class='ocrx_word' id='word_1_234' title='bbox 122 2590 215 2650; x_wconf 83' lang='lat' dir='ltr'>Eveni</span> <span class='ocrx_word' id='word_1_235' title='bbox 222 2589 495 2668; x_wconf 86' lang='lat' dir='ltr'>,minusblpass.,</span> <span class='ocrx_word' id='word_1_236' title='bbox 511 2599 542 2650; x_wconf 91' lang='lat' dir='ltr'>ut</span> <span class='ocrx_word' id='word_1_237' title='bbox 557 2591 663 2650; x_wconf 89' lang='lat' dir='ltr'>drotum</span> <span class='ocrx_word' id='word_1_238' title='bbox 681 2596 745 2664; x_wconf 89' lang='lat' dir='ltr'>est</span> <span class='ocrx_word' id='word_1_239' title='bbox 766 2590 945 2650; x_wconf 91' lang='lat' dir='ltr'>mtervallo</span> <span class='ocrx_word' id='word_1_240' title='bbox 938 2610 966 2650; x_wconf 89' lang='grc' dir='ltr'>ιιι</span> <span class='ocrx_word' id='word_1_241' title='bbox 986 2609 1058 2669; x_wconf 85' lang='lat' dir='ltr'>ipsis</span> <span class='ocrx_word' id='word_1_242' title='bbox 1073 2593 1133 2650; x_wconf 88' lang='lat' dir='ltr'>lau</span> <span class='ocrx_word' id='word_1_243' title='bbox 1150 2623 1162 2655; x_wconf 77' lang='lat' dir='ltr'>a</span> 
     </span>
     <span class='ocr_line' id='line_1_31' title="bbox 122 2632 1134 2752; baseline 0.002 -20"><span class='ocrx_word' id='word_1_244' title='bbox 122 2675 204 2733; x_wconf 83' lang='lat' dir='ltr'>cibus</span> <span class='ocrx_word' id='word_1_245' title='bbox 226 2677 318 2733; x_wconf 84' lang='lat' dir='ltr'>sicum</span> <span class='ocrx_word' id='word_1_246' title='bbox 334 2671 549 2734; x_wconf 89' lang='lat' dir='ltr'>Corinthiacum</span> <span class='ocrx_word' id='word_1_247' title='bbox 569 2671 705 2733; x_wconf 85' lang='lat' dir='ltr'>LXXXV</span> <span class='ocrx_word' id='word_1_248' title='bbox 719 2632 749 2732; x_wconf 84' lang='grc' dir='ltr'><strong>Μ</strong></span> <span class='ocrx_word' id='word_1_249' title='bbox 772 2675 901 2752; x_wconf 75' lang='lat' dir='ltr'>passio</span> <span class='ocrx_word' id='word_1_250' title='bbox 924 2674 1134 2752; x_wconf 88' lang='lat' dir='ltr'>longitudInem</span> 
     </span>
    </p>

    <p class='ocr_par' dir='ltr' id='par_1_7' title="bbox 84 2757 627 2837">
     <span class='ocr_line' id='line_1_32' title="bbox 84 2757 627 2837; baseline 0.004 -23"><span class='ocrx_word' id='word_1_251' title='bbox 84 2776 109 2815; x_wconf 82' lang='lat' dir='ltr'>so</span> <span class='ocrx_word' id='word_1_252' title='bbox 123 2777 214 2837; x_wconf 86' lang='lat' dir='ltr'>usque</span> <span class='ocrx_word' id='word_1_253' title='bbox 230 2758 264 2818; x_wconf 94' lang='lat' dir='ltr'>ad</span> <span class='ocrx_word' id='word_1_254' title='bbox 279 2757 408 2817; x_wconf 90' lang='lat' dir='ltr'>Isthmon</span> <span class='ocrx_word' id='word_1_255' title='bbox 424 2760 627 2817; x_wconf 85' lang='lat' dir='ltr'>transmittunt.</span> 
     </span>
    </p>

    <p class='ocr_par' dir='ltr' id='par_1_8' title="bbox 121 2840 1184 3170">
     <span class='ocr_line' id='line_1_33' title="bbox 184 2840 1184 2923; baseline 0.002 -19.094"><span class='ocrx_word' id='word_1_256' title='bbox 184 2840 291 2921; x_wconf 85' lang='lat'>(6)</span> <span class='ocrx_word' id='word_1_257' title='bbox 307 2841 435 2902; x_wconf 89' lang='lat' dir='ltr'>Achaiae</span> <span class='ocrx_word' id='word_1_258' title='bbox 449 2859 554 2901; x_wconf 91' lang='lat' dir='ltr'>nomen</span> <span class='ocrx_word' id='word_1_259' title='bbox 566 2843 734 2920; x_wconf 87' lang='lat' dir='ltr'>proviociae</span> <span class='ocrx_word' id='word_1_260' title='bbox 747 2842 783 2901; x_wconf 96' lang='lat' dir='ltr'>ab</span> <span class='ocrx_word' id='word_1_261' title='bbox 799 2841 927 2902; x_wconf 90' lang='lat' dir='ltr'>Isthmo</span> <span class='ocrx_word' id='word_1_262' title='bbox 920 2845 1031 2923; x_wconf 83' lang='lat' dir='ltr'>incipit.</span> <span class='ocrx_word' id='word_1_263' title='bbox 1049 2852 1133 2905; x_wconf 92' lang='lat' dir='ltr'>antea</span> <span class='ocrx_word' id='word_1_264' title='bbox 1155 2857 1184 2906; x_wconf 79' lang='lat'>12</span> 
     </span>
     <span class='ocr_line' id='line_1_34' title="bbox 122 2924 1133 3004; baseline 0.005 -21"><span class='ocrx_word' id='word_1_265' title='bbox 122 2924 264 3002; x_wconf 88' lang='lat' dir='ltr'>Aegialos</span> <span class='ocrx_word' id='word_1_266' title='bbox 279 2926 438 2985; x_wconf 88' lang='lat' dir='ltr'>vocabatur</span> <span class='ocrx_word' id='word_1_267' title='bbox 450 2933 571 3004; x_wconf 90' lang='lat' dir='ltr'>propter</span> <span class='ocrx_word' id='word_1_268' title='bbox 582 2925 691 2986; x_wconf 90' lang='lat' dir='ltr'>urbes</span> <span class='ocrx_word' id='word_1_269' title='bbox 684 2944 712 2983; x_wconf 92' lang='lat' dir='ltr'>m</span> <span class='ocrx_word' id='word_1_270' title='bbox 724 2925 811 2985; x_wconf 93' lang='lat' dir='ltr'>litore</span> <span class='ocrx_word' id='word_1_271' title='bbox 827 2944 880 3003; x_wconf 93' lang='lat' dir='ltr'>per</span> <span class='ocrx_word' id='word_1_272' title='bbox 893 2927 1023 2988; x_wconf 90' lang='lat' dir='ltr'>ordinem</span> <span class='ocrx_word' id='word_1_273' title='bbox 1036 2927 1133 3004; x_wconf 90' lang='lat' dir='ltr'>dispo·</span> 
     </span>
     <span class='ocr_line' id='line_1_35' title="bbox 123 3004 1168 3088; baseline -0.003 -22"><span class='ocrx_word' id='word_1_274' title='bbox 123 3010 203 3066; x_wconf 84' lang='lat' dir='ltr'>sitas.</span> <span class='ocrx_word' id='word_1_275' title='bbox 227 3008 340 3069; x_wconf 90' lang='lat' dir='ltr'>Primae</span> <span class='ocrx_word' id='word_1_276' title='bbox 356 3010 396 3069; x_wconf 92' lang='lat' dir='ltr'>ibi</span> <span class='ocrx_word' id='word_1_277' title='bbox 413 3028 484 3088; x_wconf 90' lang='lat' dir='ltr'>quas</span> <span class='ocrx_word' id='word_1_278' title='bbox 502 3007 623 3068; x_wconf 87' lang='lat' dir='ltr'>diximus</span> <span class='ocrx_word' id='word_1_279' title='bbox 638 3008 772 3069; x_wconf 88' lang='lat' dir='ltr'>Lecheae</span> <span class='ocrx_word' id='word_1_280' title='bbox 786 3004 1000 3069; x_wconf 90' lang='lat' dir='ltr'>Corinthiorum</span> <span class='ocrx_word' id='word_1_281' title='bbox 1018 3020 1132 3088; x_wconf 88' lang='lat' dir='ltr'>portos.</span> <span class='ocrx_word' id='word_1_282' title='bbox 1147 3030 1168 3064; x_wconf 81' lang='lat' dir='ltr'>a</span> 
     </span>
     <span class='ocr_line' id='line_1_36' title="bbox 121 3091 1134 3170; baseline 0.005 -21"><span class='ocrx_word' id='word_1_283' title='bbox 121 3110 191 3150; x_wconf 88' lang='lat' dir='ltr'>mox</span> <span class='ocrx_word' id='word_1_284' title='bbox 207 3091 313 3168; x_wconf 75' lang='lat' dir='ltr'>Olyros</span> <span class='ocrx_word' id='word_1_285' title='bbox 328 3092 551 3153; x_wconf 84' lang='lat' dir='ltr'>Pellenaeorum</span> <span class='ocrx_word' id='word_1_286' title='bbox 566 3093 725 3152; x_wconf 89' lang='lat' dir='ltr'>castellum.</span> <span class='ocrx_word' id='word_1_287' title='bbox 757 3091 862 3170; x_wconf 91' lang='lat' dir='ltr'>oppida</span> <span class='ocrx_word' id='word_1_288' title='bbox 876 3092 999 3170; x_wconf 89' lang='lat' dir='ltr'>Helice,</span> <span class='ocrx_word' id='word_1_289' title='bbox 1014 3095 1089 3155; x_wconf 91' lang='lat' dir='ltr'>Bura</span> <span class='ocrx_word' id='word_1_290' title='bbox 1104 3097 1134 3154; x_wconf 93' lang='lat' dir='ltr'>in</span> 
     </span>
    </p>

    <p class='ocr_par' dir='ltr' id='par_1_9' title="bbox 83 3175 1184 3507">
     <span class='ocr_line' id='line_1_37' title="bbox 83 3175 1133 3254; baseline 0.005 -23"><span class='ocrx_word' id='word_1_291' title='bbox 83 3193 109 3232; x_wconf 71' lang='lat' dir='ltr'>aa</span> <span class='ocrx_word' id='word_1_292' title='bbox 124 3193 196 3252; x_wconf 85' lang='lat' dir='ltr'>quae</span> <span class='ocrx_word' id='word_1_293' title='bbox 218 3175 358 3251; x_wconf 85' lang='lat' dir='ltr'>refugere</span> <span class='ocrx_word' id='word_1_294' title='bbox 380 3175 489 3235; x_wconf 91' lang='lat' dir='ltr'>haustis</span> <span class='ocrx_word' id='word_1_295' title='bbox 509 3176 674 3254; x_wconf 89' lang='lat' dir='ltr'>prioribus,</span> <span class='ocrx_word' id='word_1_296' title='bbox 699 3177 823 3252; x_wconf 74' lang='lat' dir='ltr'>Sicyon,</span> <span class='ocrx_word' id='word_1_297' title='bbox 848 3175 975 3254; x_wconf 88' lang='lat' dir='ltr'>Aegira,</span> <span class='ocrx_word' id='word_1_298' title='bbox 997 3176 1133 3254; x_wconf 90' lang='lat' dir='ltr'>Aegium,</span> 
     </span>
     <span class='ocr_line' id='line_1_38' title="bbox 122 3257 1184 3338; baseline 0.004 -21"><span class='ocrx_word' id='word_1_299' title='bbox 122 3259 258 3320; x_wconf 87' lang='lat' dir='ltr'>Erineos.</span> <span class='ocrx_word' id='word_1_300' title='bbox 292 3260 368 3319; x_wconf 79' lang='lat' dir='ltr'>Intus</span> <span class='ocrx_word' id='word_1_301' title='bbox 386 3257 533 3336; x_wconf 89' lang='lat' dir='ltr'>Cleonae,</span> <span class='ocrx_word' id='word_1_302' title='bbox 554 3258 678 3336; x_wconf 78' lang='lat' dir='ltr'>Hysiae,</span> <span class='ocrx_word' id='word_1_303' title='bbox 704 3259 816 3324; x_wconf 89' lang='lat' dir='ltr'>Bolina.</span> <span class='ocrx_word' id='word_1_304' title='bbox 839 3259 1015 3320; x_wconf 91' lang='lat' dir='ltr'>Panhormus</span> <span class='ocrx_word' id='word_1_305' title='bbox 1031 3270 1133 3338; x_wconf 93' lang='lat' dir='ltr'>portus</span> <span class='ocrx_word' id='word_1_306' title='bbox 1153 3280 1184 3331; x_wconf 83' lang='lat'>13</span> 
     </span>
     <span class='ocr_line' id='line_1_39' title="bbox 123 3341 1162 3422; baseline 0.001 -20"><span class='ocrx_word' id='word_1_307' title='bbox 123 3341 405 3421; x_wconf 81' lang='lat' dir='ltr'>demonstratumque</span> <span class='ocrx_word' id='word_1_308' title='bbox 420 3345 474 3402; x_wconf 90' lang='lat' dir='ltr'>iam</span> <span class='ocrx_word' id='word_1_309' title='bbox 487 3341 612 3420; x_wconf 81' lang='lat' dir='ltr'>Rhium,</span> <span class='ocrx_word' id='word_1_310' title='bbox 633 3362 648 3403; x_wconf 92' lang='lat' dir='ltr'>a</span> <span class='ocrx_word' id='word_1_311' title='bbox 670 3361 728 3422; x_wconf 89' lang='lat' dir='ltr'>quo</span> <span class='ocrx_word' id='word_1_312' title='bbox 745 3346 944 3422; x_wconf 89' lang='lat' dir='ltr'>promunturio</span> <span class='ocrx_word' id='word_1_313' title='bbox 961 3346 1088 3422; x_wconf 82' lang='lat' dir='ltr'>quicque</span> <span class='ocrx_word' id='word_1_314' title='bbox 1105 3343 1134 3403; x_wconf 95' lang='grc' dir='ltr'><strong>Μ</strong></span> <span class='ocrx_word' id='word_1_315' title='bbox 1152 3379 1162 3411; x_wconf 76' lang='lat' dir='ltr'>e</span> 
     </span>
     <span class='ocr_line' id='line_1_40' title="bbox 123 3427 1168 3507; baseline 0.003 -22"><span class='ocrx_word' id='word_1_316' title='bbox 123 3428 199 3504; x_wconf 91' lang='lat' dir='ltr'>pass.</span> <span class='ocrx_word' id='word_1_317' title='bbox 223 3428 326 3488; x_wconf 89' lang='lat' dir='ltr'>absunt</span> <span class='ocrx_word' id='word_1_318' title='bbox 340 3427 443 3489; x_wconf 87' lang='lat' dir='ltr'>Patrae</span> <span class='ocrx_word' id='word_1_319' title='bbox 459 3445 530 3506; x_wconf 88' lang='lat' dir='ltr'>quas</span> <span class='ocrx_word' id='word_1_320' title='bbox 552 3446 639 3507; x_wconf 88' lang='lat' dir='ltr'>supra</span> <span class='ocrx_word' id='word_1_321' title='bbox 654 3430 891 3505; x_wconf 84' lang='lat' dir='ltr'>memoravimus,</span> <span class='ocrx_word' id='word_1_322' title='bbox 909 3427 991 3488; x_wconf 93' lang='lat' dir='ltr'>locus</span> <span class='ocrx_word' id='word_1_323' title='bbox 1008 3427 1132 3489; x_wconf 91' lang='lat' dir='ltr'>Pherae.</span> <span class='ocrx_word' id='word_1_324' title='bbox 1147 3468 1168 3501; x_wconf 82' lang='lat' dir='ltr'>u</span> 
     </span>
    </p>
   </div>
   <div class='ocr_carea' id='block_1_3' title="bbox 0 0 1205 3856">
    <p class='ocr_par' dir='ltr' id='par_1_10' title="bbox 0 0 1205 3856">
     <span class='ocr_line' id='line_1_41' title="bbox 0 0 1205 3856; baseline 0 0"><span class='ocrx_word' id='word_1_325' title='bbox 0 0 1205 3856; x_wconf 95' lang='lat' dir='ltr'> </span> 
     </span>
    </p>
   </div>
  </div>
 </body>
</html>
