2400 3856
341 169 421 215 unu.
444 171 533 219 ruer.
558 172 594 218 ιι.
617 163 902 236 ιιι-4114145.)
1084 155 1125 221 89

115 340 183 382 aera
201 322 418 400 exspirantibus
438 327 597 403 quinoque
620 326 649 385 in
665 327 799 386 nebulam
817 327 957 388 densetur
973 345 1028 387 nec
1046 345 1123 387 cras·

116 415 214 466 sescat
229 408 258 464 in
274 406 375 467 nubea.
408 426 498 486 posse
514 417 543 468 et
560 408 631 469 solis
648 411 761 489 inpulsa
777 412 824 488 agi
839 454 848 489 ‚
864 413 998 490 quoniam
1017 420 1122 471 ventus

113 489 183 551 haut
198 489 275 548 aliud
292 491 480 567 intellegatur
498 510 580 569 quam
598 491 699 553 ductus
715 496 809 571 aeris,
831 494 1021 573 pluribusque
1036 497 1123 554 etiam

113 573 219 636 modis.
252 590 374 652 namque
390 584 419 634 et
433 595 449 635 e
465 575 628 635 fluminibus
643 596 676 636 ac
689 577 802 637 nivibus
820 587 850 639 et
867 597 965 639 emam
958 579 1121 652 videmus,

90 667 145 722 set
164 656 280 735 quidem
295 659 463 737 tranquillo,
482 669 512 719 et
528 660 601 720 alios
618 678 692 738 quos
710 670 816 721 vocant
831 662 942 721 altanos
962 671 992 721 et
1010 670 1122 721 eterra

114 759 304 818 consurgere.
339 743 404 821 qni,
427 762 490 802 cum
508 763 525 804 e
542 746 612 804 mari
631 746 771 822 redeunt,
792 747 906 824 tropaei
922 753 1073 821 vocantur,
1097 744 1122 801 si

113 834 259 905 pergunt,
284 827 401 905 apogei.

177 906 227 969 44.
251 909 391 970 Montium
403 930 474 972 vero
490 912 603 972 llexuus
615 914 771 992 crebrique
784 916 912 974 vertices
927 923 956 973 et
969 913 1100 974 oonllexa
1116 916 1171 969 lto

115 994 214 1054 cubito
228 1003 276 1053 aut
287 996 377 1056 iraota
392 998 421 1054 in
436 1015 572 1057 numeros
585 1000 662 1075 iuga,
679 1001 800 1058 concavi
810 999 927 1058 vallium
939 999 1037 1057 sinuus
1050 1015 1124 1055 scin·

79 1107 105 1148 ω
115 1077 218 1137 dentes
233 1078 439 1156 inaequalitate
451 1081 518 1140 ideo
531 1081 719 1142 resultantem
736 1100 805 1143 aera
823 1086 912 1162 (quae
932 1100 1019 1142 causa
1037 1083 1124 1140 etiam

116 1179 207 1221 voces
222 1162 342 1222 multis
333 1182 363 1222 ιιι
378 1163 452 1224 locis
467 1167 635 1243 reciprocas
655 1166 781 1245 lacit)
757 1187 821 1227 sme
838 1168 894 1226 line
911 1173 1016 1225 ventos
1032 1183 1122 1242 gene·

115 1254 188 1305 rant.
220 1244 299 1306 45,“
292 1265 346 1307 ram
367 1248 479 1324 quidam
493 1256 523 1308 et
544 1265 687 1326 speenus,
722 1250 843 1327 qualis
835 1269 863 1309 ιιι
878 1249 1039 1310 Delmatiae
1060 1265 1121 1346 ora,

117 1339 203 1389 vasto
220 1348 364 1409 praeceps
381 1330 490 1390 hiatu'
482 1351 511 1391 m
527 1350 613 1410 quem
628 1332 744 1393 deiecto
764 1334 822 1393 levi
841 1334 972 1412 pondere
993 1333 1122 1411 quamuis

117 1413 274 1492 tranquillo
291 1415 338 1473 die
353 1414 458 1474 turbini
475 1414 577 1475 similis
593 1417 696 1476 emicat
712 1417 850 1495 procella
877 1435 982 1476 nomen
997 1417 1064 1475 loco
1077 1422 1124 1474 est

80 1531 106 1571 15
117 1496 216 1557 Senta.
249 1494 325 1567 Quin
344 1501 416 1558 etin
429 1496 589 1574 Cyrenaica
607 1502 755 1577 provincia
768 1518 856 1579 rupes
873 1500 1012 1578 quaedam
1023 1508 1122 1558 austro

116 1581 240 1640 traditur
262 1600 364 1658 sacra,
386 1601 469 1661 quam
490 1585 640 1661 profanum
665 1586 703 1642 sit
725 1586 873 1644 attrectari
893 1582 1016 1641 lrominis
1039 1598 1123 1640 manu

115 1666 271 1724 confestim
287 1675 386 1725 austro
402 1667 541 1726 volvente
563 1668 696 1726 barenas.
732 1666 764 1726 ln
780 1667 911 1727 domibus
935 1667 1020 1726 etiam
1035 1663 1124 1723 multa

115 1750 289 1808 manufacta
307 1749 418 1809 inclusa
435 1753 580 1827 opacitate
597 1750 805 1827 conceptacula
821 1768 905 1809 auras
921 1767 988 1808 suas
1005 1747 1122 1807 babent.

116 1832 191 1893 adeo
209 1851 295 1892 causa
311 1850 369 1892 non
385 1834 478 1894 deest.

80 1945 107 1987 ω
180 1915 264 1994 (45.)
286 1915 344 1976 Sed
359 1917 510 1995 plurimum
525 1919 659 1994 interest,
680 1916 763 1977 llatus
779 1919 818 1977 sit
834 1936 869 1978 an
887 1925 1000 1977 ventus.
1032 1913 1102 1974 lllos
1117 1919 1170 1974 llo

112 2009 211 2060 statos
227 2009 315 2077 atque
328 2003 539 2079 perspirantes,
556 2019 630 2080 quos
642 2020 700 2063 non
716 2010 825 2062 tractus
837 2002 940 2080 aliquis
953 2017 1053 2060 verum
1068 2008 1124 2058 ter-

116 2102 167 2144 rae
183 2087 329 2161 sentiunt,
350 2087 398 2163 qui
417 2104 473 2145 non
489 2104 568 2162 aura,
585 2103 643 2146 non
660 2088 801 2166 procella,
817 2086 870 2146 sed
885 2103 979 2145 mares
995 2082 1123 2162 appella-

115 2169 196 2228 tione
218 2187 335 2246 quoque
357 2171 421 2246 ipsa
442 2171 522 2229 venti
545 2179 628 2248 sunt,
650 2173 713 2231 sive
731 2171 849 2230 adsiduo
866 2170 960 2230 mundi
984 2170 1073 2229 incitu
1095 2175 1126 2226 et

120 2255 268 2311 contrario
285 2253 412 2311 siderum
427 2271 549 2313 occursu
566 2264 739 2329 nascuntur,
763 2257 824 2314 sive
841 2254 889 2314 bio
905 2263 951 2314 est
967 2253 1018 2314 ille
1034 2271 1124 2330 gene-

78 2336 217 2404 mobilis
244 2354 340 2394 rerum
362 2345 481 2396 naturae
505 2339 625 2414 spiritus
646 2338 701 2397 buo
727 2338 794 2397 illuo
820 2345 961 2419 tamquam
983 2339 1013 2395 in
1039 2344 1123 2393 utero

119 2420 218 2497 aliquo
235 2436 339 2493 vagus,
356 2419 420 2477 sive
436 2419 564 2496 disparili
581 2421 737 2478 errantium
750 2420 875 2478 siderum
891 2422 949 2478 ictu
967 2419 1125 2477 radiorum-

118 2521 177 2579 que
200 2500 368 2558 multiformi
392 2502 468 2558 iaetu
489 2500 651 2577 flagellatus
674 2518 742 2577 aer,
768 2503 831 2560 sive
857 2502 872 2560 a
897 2503 957 2559 suis
979 2500 1124 2560 sideribus

120 2591 230 2644 exeunt
245 2583 289 2641 bis
302 2583 491 2660 propioribus
503 2586 566 2644 sive
579 2584 614 2643 ab
627 2584 685 2643 illis
698 2584 780 2644 caelo
793 2583 894 2662 adfixis
905 2584 1020 2662 cadunt,
1033 2584 1126 2663 palam

119 2676 166 2728 est
187 2667 255 2725 illos
271 2684 387 2744 qnoque
404 2666 501 2744 legem
523 2675 642 2728 naturae
659 2667 769 2729 babere
788 2681 846 2728 non
863 2670 991 2746 ignotam
1013 2669 1124 2729 etiamsi

80 2751 242 2823 wnondum
258 2751 467 2829 percognitam.
494 2750 554 2815 ·4o.
576 2751 688 2829 Viginti
709 2752 829 2832 amplius
851 2762 986 2814 auctores
1005 2751 1106 2814 Graeci
1119 2758 1169 2811 rtr

117 2844 237 2895 veteres
261 2835 419 2913 prodidere
440 2836 476 2896 de
497 2837 542 2896 bis
567 2837 802 2899 observationes.
838 2856 896 2917 quo
922 2840 1013 2915 magis
1034 2839 1125 2897 miror

118 2921 191 2980 orbe
207 2920 333 2980 discordi
350 2929 380 2979 et
395 2922 424 2979 in
441 2939 542 2998 regna,
558 2919 615 2981 boc
631 2930 677 2981 est
692 2923 721 2981 in
736 2923 875 3000 membra,
890 2923 984 2982 diviso
999 2929 1043 2980 tot
1054 2923 1124 2980 viris

117 3022 204 3063 curae
221 3005 312 3064 luisse
328 3013 383 3063 tam
399 3005 486 3064 ardua
503 3006 639 3081 inventu,
660 3007 736 3065 inter
752 3006 831 3067 bellu
846 3006 1020 3084 praesertim
1036 3012 1066 3062 et
1084 3005 1125 3062 in·

117 3087 171 3146 fida
187 3088 326 3165 hospitia,-
343 3090 445 3166 piratis
461 3090 547 3148 etiam
564 3090 687 3149 omnium
698 3091 859 3149 mortalium
875 3088 1008 3148 hostibus
1021 3088 1124 3146 transi-

81 3194 107 3236 ιι
116 3180 181 3230 tuus
194 3174 285 3231 ferme
299 3173 478 3249 tenentibus,
494 3181 525 3231 ut
537 3171 624 3231 bodie
637 3175 777 3251 quaedam
788 3174 817 3231 in
829 3189 883 3232 suo
896 3173 1018 3249 quisque
1032 3178 1125 3229 tractu
1154 3238 1157 3243 ¹

116 3275 155 3315 ex
177 3273 277 3316 eorum
298 3257 513 3315 commentariis
535 3257 583 3334 qui
604 3273 756 3336 numquam
780 3273 816 3315 eo
843 3272 998 3315 accessere
1024 3256 1123 3314 verius

114 3350 217 3399 noscat
233 3357 315 3416 quam
331 3340 530 3417 indigenarum
543 3341 673 3401 scientia.
697 3359 771 3401 nunc
786 3356 860 3399 vero
876 3356 948 3417 pace
965 3346 1020 3398 tam
1036 3339 1123 3415 testa,

114 3430 172 3482 tam
191 3425 338 3502 gaudente
359 3426 506 3503 proventu
525 3442 623 3485 rorum
649 3426 811 3501 artiumque
835 3425 986 3502 principe,
1014 3424 1129 3484 omnino
