2400 3856
128 153 185 213 198
453 163 483 210 c.
499 162 595 209 emur
611 160 760 209 suonam

123 319 279 382 Phoenice.
317 319 392 375 intus
406 324 500 374 autem
517 314 654 374 Samaria.
680 314 787 392 oppida
802 313 960 392 Neapolis,
982 313 1061 392 quod
1078 333 1128 376 an·

123 413 171 462 tea
195 398 353 460 Mamortha
375 399 540 474 dicebatur,
564 397 687 457 Sebaste
709 399 737 455 in
759 406 870 473 monte,
894 406 924 456 et
944 397 1050 457 altiore
1072 397 1130 459 Ga·

122 486 206 545 mala.
869 508 873 515 ·

83 581 117 635 70
212 570 259 629 14.
282 569 366 647 (15.)
390 568 483 644 Supra
506 563 669 625 Idumaeam
693 574 722 624 et
742 564 894 624 Samaritin
912 562 1020 625 Iudaea
1037 565 1130 643 longe

125 654 241 731 lateque
263 651 397 712 funditur.
441 667 509 727 pars
526 650 588 709 eius
603 648 707 724 Syriae
725 649 822 707 iuncta
837 645 967 708 Galilaea
991 656 1128 725 vocatur,
1143 665 1155 703 a

125 736 251 796 Arabiae
266 753 338 794 vero
357 744 385 794 et
402 733 540 811 Aegypto
564 732 694 809 proxima
711 730 839 806 Peraea,
864 731 977 808 asperis
994 731 1132 810 dispersa

125 819 268 879 montibus
285 828 314 878 et
334 837 350 878 a
369 818 476 878 ceteris
496 815 611 876 Iudaeis
634 815 759 876 Iordane
783 832 866 875 amne
887 815 1026 875 discreta.
1059 816 1131 877 reli-

126 921 181 981 qua
202 901 307 963 Iudaea
329 901 463 962 dividitur
485 902 514 959 in
536 900 700 977 toparchias
722 897 751 957 X
772 916 829 976 quo
853 898 982 958 dicemus
1007 898 1129 959 ordine:

124 987 318 1047 Hiericuntem
336 984 471 1063 palmetis
488 985 643 1059 consitam,
668 983 796 1043 lontibus
816 983 942 1059 riguam,
967 979 1129 1058 Ilmmaum,

125 1069 268 1145 lyddam,
289 1068 434 1145 lopicam,
467 1065 687 1142 Acrehitenam,
710 1065 946 1144 Gophaniticam,
971 1064 1162 1126 'l'hamniti-1o

127 1150 520 1228 cam,Betholcptephenen,
543 1147 668 1225 Orinen,
692 1151 720 1208 in
744 1168 800 1228 qua
819 1150 902 1209 fuere
923 1148 1130 1225 Hierosolyma

125 1236 213 1310 longe
232 1234 390 1294 clarissima
411 1233 524 1295 urbium
548 1235 668 1293 orientis
688 1251 746 1292 non
766 1233 893 1294 Iudaeae
908 1231 1012 1307 modo,
1036 1232 1129 1293 llero·

50 1332 53 1337 ·
126 1319 200 1377 dium
217 1335 280 1377 cum
297 1317 406 1395 oppido
421 1316 531 1377 Inlustri
547 1318 677 1378 eiusdem
693 1318 824 1376 nominis.

83 1411 116 1466 71
210 1403 259 1462 15.
287 1400 425 1461 Iordanes
441 1401 531 1461 amnis
547 1403 638 1460 oritur
655 1421 671 1460 e
687 1400 767 1460 lonte
781 1399 923 1476 Paniade,
947 1399 996 1477 qui
1018 1418 1130 1477 cogno-

94 1504 193 1546 mmen
213 1485 292 1545 dedit
313 1483 478 1545 Caesareae
500 1486 536 1544 de
560 1502 614 1562 qua
641 1485 779 1546 dicemus.
816 1484 906 1543 amnis
936 1500 1077 1544 amoenus
1100 1493 1164 1543 etna

126 1579 266 1648 quatenus
299 1568 431 1628 locorum
461 1569 531 1628 situs
563 1569 669 1646 patitur
696 1567 864 1627 ambitiosus
897 1567 1067 1645 accolisque
1096 1586 1130 1627 se

124 1652 271 1731 praebens
298 1652 379 1712 velut
398 1653 503 1712 invitus
524 1651 707 1730 Asphaltiten
732 1652 826 1711 lacum
847 1650 938 1710 dirum
953 1659 1056 1711 natura
1077 1668 1130 1729 pc·

124 1738 173 1812 tit,
191 1755 207 1795 a
223 1753 280 1814 qno
296 1745 446 1813 postremo
467 1734 591 1795 ebibitur
607 1753 755 1814 aquasque
775 1734 905 1794 laudatas
923 1732 1019 1811 perdit
1036 1733 1130 1812 pesti·

48 1844 52 1851 ·
125 1819 249 1879 lentibus
267 1821 379 1879 mixtas.
417 1836 489 1896 ergo
507 1817 556 1878 ubi
573 1821 664 1898 prima
683 1818 858 1878 convallium
870 1817 923 1876 luit
938 1818 1077 1893 occasio,
1101 1818 1130 1876 in

125 1903 219 1963 lacum
242 1921 275 1962 se
296 1903 388 1963 fundit
413 1922 499 1980 quem
519 1902 619 1980 plures
644 1901 819 1963 Genesaram
848 1909 968 1977 vocant,
1004 1899 1075 1963 XVI
1098 1899 1161 1961 Illac

125 2005 261 2064 passuum
281 1986 485 2062 longitudinis,
505 1985 547 2044 Vl
561 1985 590 2044 tt
609 1986 780 2060 latitudinis,
802 1986 932 2061 amoenis
953 1985 1129 2045 ciccumsae·

124 2078 203 2146 ptum
219 2069 348 2147 oppidis,
372 2069 407 2128 ab
425 2071 537 2129 oriente
556 2069 666 2129 Iuliade
691 2078 720 2129 et
740 2068 853 2148 Hippo,
878 2068 1031 2129 ameridie
1049 2067 1129 2129 'l'ari-

127 2151 214 2225 chca,
243 2169 301 2228 quo
323 2153 437 2211 nomine
462 2153 552 2229 aliqui
574 2160 603 2210 et
619 2153 713 2213 lacum
730 2153 895 2231 appellant,
917 2150 953 2211 ab
971 2151 1128 2211 occidente

126 2233 279 2293 Tiberiade
296 2235 378 2312 aquis
396 2235 497 2296 calidis
514 2233 632 2295 salubri.

83 2327 117 2382 ta
211 2317 258 2377 16.
287 2317 467 2397 Asphaltites
489 2318 558 2379 nihil
580 2329 697 2397 praeter
717 2319 844 2379 bitumen
865 2319 973 2395 gignit,
999 2318 1078 2378 unde
1100 2326 1162 2377 etas

125 2419 238 2460 nomen.
276 2403 383 2462 nullum
410 2421 516 2480 corpus
540 2404 701 2464 animalium
720 2404 840 2481 recipit,
869 2403 941 2461 tauri
963 2400 1128 2480 camelique

125 2485 243 2546 fluitant.
276 2486 342 2546 inde
357 2487 432 2546 lama
447 2487 516 2547 nihiI
530 2488 559 2547 in
577 2505 614 2547 eo
630 2488 733 2564 mergi.
773 2486 950 2563 longitudIne
967 2483 1088 2545 excedit
1105 2481 1129 2543 G

123 2567 152 2627 Μ
163 2587 308 2647 passuum,
325 2569 473 2629 latitudine
492 2572 612 2630 maxima
629 2570 733 2630 LXXV
743 2569 845 2648 inplet,
862 2567 1041 2629 minimaVl.
1061 2584 1129 2647 pro·

126 2653 211 2729 spicit
227 2671 291 2711 eum
307 2653 343 2712 ah
360 2654 471 2713 oriente
487 2652 595 2715 Arabia
613 2653 787 2728 Nomadum,
812 2671 829 2712 a
849 2652 969 2712 meridIe
989 2648 1128 2712 blanhac·

123 2751 182 2809 rus,
199 2736 328 2793 secunda
343 2736 485 2813 quondam
502 2754 555 2795 arx
568 2736 694 2798 Iudaeae
710 2737 746 2797 ab
760 2735 979 2810 Hierosolymis.
1020 2735 1161 2795 eodemso

124 2817 217 2877 latere
237 2826 282 2876 est
303 2816 413 2877 calidus
432 2819 497 2877 lons
520 2819 652 2879 medicae
673 2820 851 2880 salubritatis
860 2818 1022 2879 Callirrhoe
1037 2835 1129 2895 aqua·

122 2919 183 2960 rum
197 2900 320 2978 gloriam
335 2902 401 2979 ipso
415 2902 530 2961 nomine
547 2903 727 2980 praeferens.
844 2896 850 2903 ’

81 2992 115 3047 73
210 2986 257 3044 17.
284 2985 331 3044 Ab
348 2985 500 3046 occidente
518 2986 602 3048 litora
616 2986 721 3048 Esseni
745 2988 856 3064 lugiunt
882 3002 1053 3064 usquequa
1076 3001 1129 3044 no·

124 3078 204 3143 cent,
229 3088 302 3146 gens
318 3071 396 3146 sola,
422 3079 452 3131 et
466 3072 495 3130 in
515 3080 578 3131 toto
594 3072 666 3132 orbe
681 3080 800 3151 praeter
816 3079 931 3130 ceteras
946 3068 1035 3142 mita,
1063 3069 1129 3127 sine

123 3152 181 3212 ulla
196 3153 316 3228 femina,
334 3157 410 3214 omni
427 3173 536 3215 venere
554 3153 706 3232 abdicata,
726 3157 788 3215 sine
804 3155 945 3232 pecunia,
963 3151 1047 3210 s'ocia
1063 3151 1162 3230 pel-as

124 3254 242 3295 marum.
291 3240 320 3296 in
347 3239 422 3298 dlem
446 3257 483 3298 ex
512 3256 606 3316 aequo
636 3257 829 3298 convenarum
850 3236 932 3296 turba
959 3236 1129 3295 renascitur

123 3319 204 3396 large
220 3321 468 3398 frequentantibus
489 3339 562 3402 quos
578 3323 636 3382 vita
657 3322 755 3382 lessus
773 3322 808 3382 ad
829 3337 926 3380 mores
948 3336 1050 3378 eornm
1065 3318 1128 3378 lor·

123 3411 208 3461 tunae
227 3403 360 3463 fluctibus
381 3408 479 3482 agitat.
502 3407 540 3464 ita
568 3422 621 3483 per
651 3406 815 3465 seculorum
835 3404 911 3464 mllia
933 3401 1129 3481 (incredibile
