2400 3856
266 745 456 824 OAROLI
480 746 598 825 JANI
622 746 930 822 PRAEFATIO.

155 952 194 1009 Ex
209 971 263 1028 quo
278 960 356 1028 pater
366 971 443 1010 meus
457 955 647 1011 dilectissimus
659 955 784 1011 editionis
799 972 864 1011 suae
879 954 1013 1010 Plinianae
1029 955 1104 1011 volu·

92 1054 154 1092 men
169 1039 284 1110 primum
300 1038 388 1094 emisit
408 1041 458 1094 tria
476 1038 532 1094 iere
544 1037 667 1093 abierunt
681 1039 776 1094 lustra.
804 1040 916 1095 llultum
928 1047 1016 1094 autem
1029 1038 1104 1095 abest

91 1128 124 1176 ut
139 1120 171 1176 ab
187 1121 233 1177 illo
249 1130 371 1196 tempore
383 1123 534 1196 quieverint
543 1122 611 1177 Plini
627 1122 755 1178 naturalis
767 1123 895 1179 historiae
907 1124 1004 1193 studia,
1020 1125 1102 1178 inimo

92 1205 125 1260 ad
140 1221 215 1260 veras
230 1206 303 1261 illius
318 1205 449 1262 lectiones
460 1205 662 1261 constituendas
678 1207 719 1261 his
735 1208 809 1262 annis
821 1207 974 1280 proiectum
986 1214 1029 1261 est
1042 1206 1102 1279 plu·

90 1290 197 1344 rimum.
228 1288 293 1344 Nam
308 1291 351 1344 vix
372 1289 472 1345 editum
495 1298 551 1344 erat
571 1290 686 1362 primum
707 1288 774 1345 illud
789 1291 914 1347 volumen
935 1290 1101 1363 nequedum

91 1372 244 1428 conlectum
260 1373 389 1443 alterum,
410 1389 470 1429 cnm
486 1373 624 1428 lloneus
644 1375 672 1428 in
691 1375 855 1429 monasterio
877 1374 992 1446 quodam
1010 1373 1101 1429 Carin-

94 1455 167 1511 tbico
181 1457 285 1512 invenit
299 1458 559 1530 praestantissimum
573 1456 649 1512 illum
665 1456 783 1513 codicem
798 1458 972 1531 rescriptum,
989 1459 1034 1530 qui
1050 1459 1101 1513 etsi

91 1539 196 1595 nullum
212 1540 291 1596 buius
305 1540 448 1597 voluminis
461 1540 559 1597 librum
574 1542 711 1612 continet,
729 1548 818 1597 tamen
833 1541 907 1596 etad
923 1541 1099 1614 corrigendos

91 1623 193 1679 indices
205 1641 237 1679 er
249 1624 346 1698 quibus
362 1625 431 1681 liber
441 1625 452 1679 l
463 1633 505 1681 est
515 1627 682 1698 compositus
694 1633 721 1681 et
732 1625 765 1680 ad
777 1625 994 1682 constituendam
1007 1626 1100 1680 ortho-

91 1708 230 1780 graphiam
249 1708 396 1765 Plinianam
418 1711 567 1765 universam
592 1711 722 1764 momenti
743 1717 784 1765 est
807 1710 964 1783 gravissimi.
1005 1708 1099 1763 Paullo

90 1798 154 1864 post
170 1791 256 1847 ordini
271 1793 497 1866 pbilosophorum
513 1793 559 1865 qui
575 1799 616 1847 est
631 1792 774 1866 Gottingae
788 1801 820 1848 nt
834 1792 956 1849 codicum
967 1792 1099 1846 Pliniano-

90 1891 151 1929 rum
172 1874 226 1930 sata
246 1874 313 1931 fides
334 1877 480 1933 auctoritas
501 1876 715 1931 examinarentur
734 1876 884 1948 postulanti
899 1874 1036 1931 Felsius
1056 1892 1098 1929 re-

90 1959 200 2032 spondit
221 1962 446 2016 commentatione
465 1975 514 2015 sua
533 1961 652 2032 praemio
673 1958 770 2015 donata
792 1960 825 2016 de
846 1976 897 2034 qua
917 1959 999 2015 modo
1019 1957 1097 2014 nobis

89 2042 167 2114 plura
183 2051 263 2098 erunt
283 2043 401 2100 dicenda.
436 2042 574 2099 Interdum
590 2045 669 2098 etiam
684 2043 799 2100 lletlel
803 2060 907 2100 senus
922 2043 1009 2099 Plinio
1032 2059 1095 2116 ope·

88 2142 145 2180 ram
160 2142 255 2182 navare
269 2128 434 2197 instituerat,
449 2129 493 2182 cui
504 2143 559 2183 non
570 2126 658 2183 solum
670 2127 792 2184 codicum
806 2130 946 2202 ingentem
956 2143 1097 2183 numerum

89 2211 116 2263 in
132 2209 271 2265 Germania
285 2210 360 2266 ltalia
375 2210 457 2265 Gallia
478 2219 507 2266 ut
522 2210 675 2282 conferret,
696 2210 744 2266 sed
760 2213 839 2267 etlam
860 2211 893 2267 de
909 2213 1013 2266 ratione
1029 2226 1095 2282 quae

89 2294 160 2348 iuter
175 2310 222 2348 eos
238 2293 383 2350 intercedit
402 2302 433 2350 ut
448 2294 531 2351 multa
546 2304 619 2350 recte
641 2296 807 2367 perspiceret
821 2311 952 2368 prospero
970 2293 1096 2349 fortunae

89 2385 188 2432 eventu
214 2379 338 2451 contigit.
378 2378 417 2433 lta
444 2394 594 2451 quanquam
619 2380 734 2451 primum
760 2378 840 2432 buius
861 2380 949 2450 operis
970 2377 1096 2432 volumen

89 2462 200 2515 summis
215 2461 338 2517 laudibus
358 2471 496 2535 acceptum
518 2470 575 2516 erat
597 2460 628 2516 ab
643 2461 816 2518 Urlicbsio
840 2463 884 2534 qui
900 2459 1096 2531 (Jahrbocner

85 2540 144 2611 fter
163 2544 428 2618 Pbilolopie1855,
448 2563 517 2619 pap.
534 2545 603 2616 257)
622 2544 694 2600 illam
717 2545 863 2601 editionem
883 2546 919 2600 ait
939 2560 993 2599 non
1015 2543 1094 2599 modo

88 2629 208 2683 omnium
223 2644 283 2684 esse
299 2631 521 2686 accuratissimam
537 2630 602 2703 quin
617 2629 696 2684 etiam
711 2629 795 2684 solam
810 2629 861 2684 iam
876 2629 903 2683 in
918 2629 1035 2686 lectione
1050 2627 1095 2682 ad·

88 2710 239 2782 bibendam,
254 2712 303 2767 sed
318 2729 378 2769 eum
392 2715 493 2769 maiore
504 2712 641 2787 Sllligiana
656 2714 789 2768 nemiuem
804 2728 833 2768 ea
848 2728 938 2769 carere
953 2727 1034 2785 posse
1049 2713 1095 2783 qui

87 2794 154 2849 Plini
170 2795 245 2851 libris
261 2813 370 2869 operam
384 2797 475 2868 daret,
494 2826 537 2837 -
557 2805 647 2852 tamen
668 2793 725 2851 fieri
740 2813 795 2852 non
814 2798 904 2870 potnit
920 2797 983 2869 quin
998 2810 1094 2868 proce·

87 2878 168 2934 dente
185 2887 307 2953 tempore
322 2881 404 2936 multa
420 2880 516 2936 melius
531 2887 761 2953 cognoscerentur
777 2888 805 2936 et
819 2880 890 2936 baud
905 2895 988 2953 pauca
1003 2888 1095 2933 essent

87 2978 156 3036 qnae
168 2962 256 3019 editor
266 2964 349 3021 vellet
359 2966 464 3020 mutari.
491 2962 564 3031 Quae
575 2980 635 3020 cum
647 2965 683 3019 ita
698 2972 789 3020 essent
800 2971 828 3020 et
839 2963 984 3036 bibliopola
999 2960 1094 3016 libera·

86 3045 205 3101 lissimus
221 3056 345 3121 sumptus
356 3065 441 3104 novae
454 3048 578 3104 editionis
594 3048 683 3105 lacere
695 3049 802 3104 minime
813 3054 960 3116 recusaret,
972 3045 1002 3100 L.
1011 3044 1094 3099 Janus

87 3130 244 3187 adtentum
265 3130 354 3188 denuo
375 3132 569 3188 recensendum
589 3147 619 3187 se
640 3133 761 3192 accinxit.
802 3131 854 3186 lam
875 3129 1003 3185 nonnulla
1029 3130 1093 3185 artis

87 3215 195 3270 criticae
210 3215 361 3272 adiumenta
380 3219 495 3290 primum
517 3214 588 3271 edita
609 3222 700 3287 erant,
723 3215 807 3271 veluti
825 3220 933 3288 praeter
947 3213 1033 3268 llonei
1048 3230 1093 3286 pa·

86 3296 255 3371 limpsestum
276 3308 400 3374 excerpta
421 3309 449 3356 et
468 3299 586 3355 Parisina
607 3294 701 3373 (Par.)
722 3306 749 3354 et
769 3298 937 3354 llonacensia
959 3296 1057 3370 (Fris.)
1079 3314 1094 3351 a

85 3379 240 3441 lietleiseno
252 3382 370 3459 vulgata,
384 3384 498 3443 aliorum
512 3383 633 3442 codicum
645 3399 707 3442 cum
718 3392 795 3440 antea
806 3384 884 3457 pauci
899 3382 989 3440 eollati
1004 3386 1094 3437 essent

862 3476 898 3533 &⁸
