2400 3856
127 124 169 186 92
345 119 347 122 ’
471 139 618 186 c.1>n1n1
641 138 789 186 saeuum

88 296 228 356 nstrione
253 294 374 354 diximus
394 293 506 370 spirare
531 301 562 352 et
585 293 696 352 vicinus
717 291 762 350 bis
777 307 881 367 corus,
909 288 937 348 bi
958 297 987 349 et
1006 289 1137 367 reliquos

132 387 314 455 conpescunt
335 385 364 436 et
387 377 479 435 nubes
505 377 633 454 abigunt.
670 375 756 434 umidi
781 375 896 433 Africus
926 383 956 433 et
978 376 1139 451 praecipue

131 470 232 521 auster
243 460 353 520 ltaliae.
372 469 488 519 narrant
501 469 530 519 et
541 462 570 519 in
581 458 676 518 Ponto
688 459 807 518 caecian
819 460 891 517 inse
904 458 1021 517 trahere
1034 457 1137 517 nubes.

131 545 200 604 sicci
211 562 297 604 corus
309 553 338 604 et
350 544 499 603 vulturnus
510 551 713 622 praeterquam
724 542 901 601 desinentes.
921 539 1032 600 nivales
1042 541 1137 617 aquilo

129 637 160 687 et
174 629 348 706 septentrio.
370 628 526 703 grandines
540 628 704 705 septentrio
722 627 850 704 inportat
861 633 891 685 et
906 641 1001 685 corus.
1022 632 1124 683 aestuo
1145 644 1160 685 s

131 730 180 792 sus
196 721 311 790 auster,
327 711 418 789 tepidi
434 710 586 770 volturnus
602 719 632 770 et
646 711 788 770 favonius.
806 709 893 768 iidem
911 705 1070 768 subsolano
1085 709 1138 766 sic-

131 797 240 872 ciores,
260 803 290 854 et
306 797 335 855 in
353 803 444 854 totum
461 812 561 854 omnes
574 812 590 854 a
603 795 806 872 septentrione
824 800 853 852 et
869 791 1020 852 occidente
1036 792 1139 851 siccio-

88 885 137 939 ltt
149 898 198 939 res
214 897 296 957 quam
313 896 329 938 a
343 878 464 938 meridie
476 886 506 938 et
520 879 644 937 oriente.
674 876 888 936 saluberrimus
902 883 998 936 autem
1014 876 1140 934 omnium

128 963 242 1040 aquilo,
267 963 370 1041 noxius
388 970 488 1021 auster
507 968 537 1020 et
556 961 648 1038 magis
662 962 774 1036 siccus,
790 960 927 1020 fortassis
943 960 1010 1036 quia
1026 959 1137 1018 umidus

129 1046 270 1124 frigidior
286 1054 341 1106 est.
363 1046 455 1103 minus
472 1045 586 1104 esurire
601 1061 638 1103 eo
655 1045 784 1123 spirante
799 1043 956 1103 creduntur
969 1043 1126 1102 animantes
1147 1063 1174 1104 so

132 1128 252 1189 Etesiae
269 1136 357 1186 noctu
371 1127 506 1187 desinunt
523 1129 587 1195 fere
604 1136 635 1188 et
650 1146 666 1188 a
683 1129 769 1188 tertia
786 1127 843 1186 diei
859 1126 930 1187 bora
944 1128 1084 1185 oriuntur.
1101 1128 1139 1199 ¹in

130 1211 269 1289 Hispania
292 1219 322 1271 et
342 1212 413 1271 Asia
435 1211 472 1271 ab
493 1213 608 1272 oriente
628 1211 711 1270 flatus
734 1219 781 1271 est
802 1229 920 1287 eorum,
942 1211 971 1268 in
989 1208 1084 1268 Ponto
1101 1209 1137 1268 ab

41 1370 48 1379 .
130 1294 286 1372 aquilone,
308 1295 430 1373 reliquis
445 1296 474 1355 in
489 1296 619 1374 partibus
638 1313 654 1354 a
670 1294 803 1357 meridie.
834 1298 945 1373 spirant
961 1301 1056 1353 autem
1074 1301 1104 1353 et
1122 1311 1138 1352 a

131 1379 243 1455 bruma,
259 1396 320 1437 cum
336 1387 477 1439 vocantur
489 1379 644 1457 ornithiae,
660 1378 712 1439 sed
726 1379 856 1439 leniores
869 1386 899 1438 et
910 1378 1010 1456 paucis
1023 1377 1135 1436 diebus.

131 1462 297 1522 Permutant
313 1470 343 1522 et
359 1463 415 1522 duo
428 1471 555 1523 naturam
572 1482 635 1523 cum
655 1465 729 1539 situ,
750 1471 851 1522 auster
866 1461 985 1521 Africae
1002 1478 1132 1521 serenus.
1149 1479 1174 1521 is

89 1555 139 1608 128
151 1545 249 1625 aquilo
266 1546 391 1607 nubilus.
426 1546 532 1607 Omnes
550 1549 629 1607 venti
648 1547 759 1606 vicibus
774 1548 834 1606 suis
845 1547 957 1624 spirant
973 1546 1085 1604 maiore
1101 1563 1139 1604 ex

131 1639 215 1711 parte
231 1632 270 1691 ita
285 1639 316 1688 ut
330 1631 493 1690 contrarius
511 1631 655 1691 desinenti
671 1631 796 1707 incipiat.
821 1647 885 1689 cum
897 1629 1020 1707 proximi
1035 1627 1138 1688 caden-

131 1714 208 1775 tibus
225 1723 357 1791 surgunt,
377 1733 393 1774 a
411 1713 497 1774 laevo
513 1714 606 1775 latere
623 1716 652 1773 in
667 1715 798 1774 dextrum
815 1721 847 1772 ut
864 1711 909 1772 sol
926 1712 1063 1772 ambiunt.
1092 1711 1137 1772 De

131 1799 245 1872 ratione
258 1814 359 1857 eorum
371 1807 516 1858 menstrua
532 1807 632 1876 quarta
647 1800 769 1857 maxime
782 1797 848 1856 luna
863 1797 1005 1857 decernit.
1032 1796 1136 1856 lisdem

132 1891 227 1942 autem
249 1883 345 1941 ventis
371 1883 401 1941 in
421 1885 595 1942 contrarium
621 1883 773 1959 navigatur
796 1880 918 1958 prolatis
938 1880 1080 1958 pedibus,
1108 1889 1172 1940 uteo

131 1974 219 2024 noctu
240 1964 411 2042 plerumque
427 1965 549 2024 adversa
574 1964 639 2026 vela
662 1972 844 2025 concurrant.
878 1963 988 2023 Austro
1010 1965 1136 2023 maiores

131 2046 253 2107 fluctnus
269 2047 392 2106 eduntur
404 2066 487 2126 quam
499 2048 646 2126 aquilone,
666 2049 800 2127 quoniam
816 2047 866 2108 ille
881 2049 1012 2107 infernus
1030 2066 1068 2108 ex
1080 2049 1136 2106 imo

129 2131 200 2188 mari
213 2131 315 2207 spirat,
331 2130 379 2189 hic
390 2148 509 2190 summo.
534 2132 661 2210 ideoque
673 2140 742 2210 post
755 2140 871 2192 austros
884 2132 963 2191 nonii
978 2133 1136 2209 praecipue

89 2219 139 2272 129
151 2221 248 2272 terrae
263 2221 385 2272 mutuus.
417 2213 513 2274 Noctu
528 2225 643 2292 auster,
663 2214 789 2275 interdiu
808 2214 906 2295 aquilo
921 2215 1136 2281 vehementiorq

131 2306 162 2357 et
177 2297 212 2356 ab
229 2305 294 2356 ortu
314 2296 416 2358 flantes
432 2298 629 2359 diuturniores
650 2307 716 2359 sunt
737 2300 773 2359 ab
793 2318 898 2360 occasu
914 2299 1059 2359 flantibus.
1089 2319 1131 2358 se·
1143 2318 1169 2360 as

130 2382 315 2461 ptentriones
330 2383 422 2459 inpari
438 2381 502 2442 fere
518 2382 652 2442 desinunt
668 2400 806 2460 numero,
828 2401 903 2461 quae
918 2383 1089 2443 observatio
1106 2393 1135 2442 et

129 2467 160 2525 in
181 2464 244 2524 aliis
268 2463 373 2524 multis
388 2483 484 2524 rerum
507 2475 625 2527 naturae
648 2467 779 2545 partibus
801 2466 888 2528 valet.
925 2485 1020 2527 mares
1036 2468 1136 2545 itaque

131 2550 332 2609 existimantur
352 2551 470 2627 inpares
491 2553 612 2611 numeri.
649 2550 700 2610 Sol
719 2559 749 2610 et
765 2559 853 2629 auget
870 2559 901 2610 et
919 2551 1072 2629 conprimit
1088 2550 1136 2611 fla·

131 2640 208 2707 tuus,
224 2640 311 2709 auget
327 2635 464 2692 exoriens
482 2635 684 2713 occidensque,
695 2635 849 2712 conprimit
861 2635 1035 2695 meridianus
1049 2638 1135 2694 aesti-

130 2717 175 2774 vis
197 2715 377 2792 temporibus
399 2718 497 2797 itaque
515 2719 611 2778 medio
632 2719 691 2777 diei
713 2726 761 2776 aut
779 2719 873 2778 noctis
897 2718 1068 2796 plerumque
1090 2737 1169 2780 snae

129 2799 247 2877 piantur
262 2800 310 2876 qui
324 2807 372 2858 aut
383 2802 471 2860 nimio
484 2802 595 2878 frigore
607 2810 655 2861 aut
665 2808 748 2860 aestu
759 2801 921 2862 solvuntur.
945 2799 983 2860 Et
995 2801 1135 2861 imbribus

130 2883 210 2942 venti
228 2883 389 2960 sopiuntur.
414 2893 621 2963 exspectantur
632 2893 727 2944 autem
738 2885 861 2945 maxime
877 2884 952 2945 unde
967 2885 1060 2946 nubes
1079 2885 1136 2945 dis·

89 2972 139 3026 130
152 2984 257 3038 cussae
273 2967 452 3045 adaperuere
475 2968 595 3027 caelum.
631 2967 760 3028 Omnium
782 2969 897 3046 quidem
915 2970 956 3048 (si
974 2968 1066 3030 libeat
1085 2970 1135 3031 ob·

130 3069 251 3110 servare
267 3052 398 3110 minimos
417 3051 575 3130 ambituus)
597 3052 694 3113 redire
711 3053 828 3112 easdem
846 3054 926 3113 vices
945 3053 1134 3130 quadriennio

130 3143 235 3194 exacto
252 3133 390 3194 Eudoxus
406 3143 496 3213 putat,
512 3152 570 3194 non
585 3144 737 3195 ventorum
749 3136 834 3196 modo
851 3155 949 3196 verum
966 3145 996 3197 et
1010 3136 1132 3215 reliqua·
1143 3153 1168 3195 ss

129 3236 192 3277 rum
211 3227 413 3297 tempestatum
433 3235 536 3296 magna
557 3237 595 3279 ex
619 3228 712 3297 parte.
749 3228 780 3280 et
798 3228 844 3280 est
861 3221 1034 3299 principium
1051 3220 1136 3280 lustri

132 3302 195 3361 eius
215 3321 333 3382 semper
348 3301 531 3363 intercalario
544 3320 618 3364 anno
631 3302 777 3364 caniculae
790 3313 864 3367 ortu.
891 3303 936 3364 De
946 3303 1136 3382 generalibus

129 3387 225 3446 ventis
246 3386 327 3447 baec.
