2400 3856
132 132 172 192 76
526 139 622 185 nunu
641 137 792 185 sncuunr

131 297 279 359 terminos.
308 294 344 354 ab
366 294 449 354 bisce
466 293 716 371 retrogradiuntur
741 293 778 354 ad
798 292 892 352 solem
910 301 939 352 et
961 308 1137 352 occasuve·

132 381 262 459 spertino
278 379 462 439 delitescunt.
491 377 618 438 Veneris
633 378 721 438 stella
737 385 766 437 et
781 379 923 437 stationes
941 377 1029 452 duas,
1048 385 1137 435 matu·

131 466 219 526 tinam
233 464 505 542 vespertinamque,
527 461 564 522 ab
580 470 703 541 utroque
720 470 824 522 exortu
839 461 909 521 lacit
926 479 942 521 a
960 460 1138 537 longissimis

132 547 283 609 distantiae
296 565 367 607 suae
383 547 497 607 linibus.
526 544 653 605 Mercuri
670 547 810 608 stationes
832 544 969 606 breviore
992 553 1138 605 momento

132 650 218 713 quam
232 640 262 691 nt
278 630 458 710 deprehendi
476 631 599 709 possint.
1148 651 1160 691 s

89 725 125 783 62
191 714 275 795 (13.)
294 714 375 775 llaec
392 724 437 775 est
454 714 589 775 luminum
606 713 889 792 occultationumque
904 711 995 787 ratio,
1021 712 1140 790 perple-

133 800 200 860 xior
215 809 293 859 motu
309 799 463 878 multisque
481 797 608 861 involuta
623 797 779 856 miraculis.
809 796 953 876 siquidem
969 796 1140 873 magnitudi-

133 902 187 944 nes
203 901 270 943 suas
287 891 316 943 et
333 883 451 943 colores
466 884 583 957 mutant,
593 889 623 941 et
634 880 754 941 eaedem
764 880 800 941 ad
811 881 1040 959 septentrionem
1053 897 1140 939 acce·

134 966 203 1028 dunt
227 966 393 1045 abeuntque
415 966 452 1026 ad
473 974 616 1040 austrum,
642 967 788 1043 terrisque
809 965 964 1042 propiores
991 972 1039 1023 aut
1054 963 1140 1023 caelo

134 1059 257 1129 repente
273 1057 438 1109 cernuntur.
470 1049 499 1108 in
520 1048 623 1127 quibus
645 1047 731 1107 aliter
747 1048 835 1108 multa
851 1049 1067 1127 quampriores
1084 1057 1139 1108 tra·
1151 1067 1177 1108 rc

135 1135 220 1198 dituri
232 1133 356 1193 latemur
368 1149 403 1191 ea
415 1149 533 1211 quoque
548 1132 663 1193 illorum
677 1149 745 1191 esse
756 1134 882 1192 muneris
895 1133 943 1211 qui
957 1133 1039 1210 primi
1052 1150 1141 1210 quae·

134 1216 216 1278 rendi
239 1217 301 1276 uias
325 1216 600 1293 demonstraverint,
623 1215 710 1275 modo
731 1235 768 1277 ne
784 1217 848 1296 quis
864 1217 1004 1293 desperet
1021 1216 1141 1276 saecula

92 1301 284 1381 eaproiioere
306 1318 432 1378 semper.
463 1299 596 1361 Pluribus
618 1299 654 1360 de
677 1302 772 1360 causis
787 1299 862 1360 baec
886 1301 979 1360 omnia
996 1300 1140 1360 accidunt.

134 1388 225 1465 prima
240 1384 414 1445 circulorum
426 1400 500 1463 quos
513 1382 617 1444 Graeci
630 1374 742 1460 ἀψῖδας
752 1386 780 1446 in
792 1383 888 1445 stellis
898 1393 1004 1444 vocant
1019 1383 1143 1462 (etenim

135 1468 255 1530 Graecis
276 1468 411 1528 utendum
435 1468 489 1528 erit
510 1467 689 1547 vocabulis).
725 1476 790 1527 sunt
814 1476 910 1528 autern
924 1467 953 1528 bi
970 1469 1014 1527 sui
1034 1468 1179 1546 cuiquem

135 1571 244 1630 earum,
260 1551 368 1630 aliique
386 1569 470 1630 quam
484 1551 600 1628 mundo,
620 1551 754 1630 quoniam
769 1560 847 1612 terra
862 1569 878 1611 a
893 1550 1054 1611 verticibus
1071 1550 1142 1612 duo·

134 1636 189 1696 bus
215 1652 289 1714 quos
313 1636 533 1714 appellaverunt
562 1635 649 1713 polos
681 1644 810 1695 centrum
838 1635 913 1695 caeli
943 1653 999 1695 nec
1031 1652 1089 1694 non
1114 1644 1143 1695 et

136 1719 268 1797 signiferi
291 1728 336 1778 est
359 1719 477 1797 oblique
500 1721 574 1780 inter
592 1735 645 1778 eos
661 1719 716 1778 siti.
750 1720 844 1779 omnia
866 1728 962 1779 autem
979 1717 1055 1777 haec
1072 1735 1141 1779 con·

136 1812 211 1863 stant
225 1804 336 1863 ratione
363 1804 463 1863 circini
486 1821 602 1882 semper
619 1802 785 1863 indubitata.
815 1819 888 1880 ergo
907 1801 943 1863 ab
959 1801 1016 1862 alio
1034 1803 1140 1880 cuique

137 1896 237 1947 centro
253 1887 371 1966 apsides
386 1905 457 1947 suae
472 1896 641 1964 exsurgunt,
657 1886 783 1964 ideoque
797 1886 931 1947 diversos
942 1884 1049 1945 babent
1057 1885 1180 1945 orbecco

135 1980 305 2049 motuusquc
319 1972 485 2050 dissimiles,
497 1972 631 2049 quoniam
653 1971 808 2030 interiores
824 1969 940 2049 apsidas
954 1986 1081 2029 necesse
1098 1978 1144 2029 est

94 2052 289 2120 dibreviores
307 2071 384 2113 esse.
416 2055 464 2114 16.
482 2053 572 2131 igitur
587 2071 604 2114 a
621 2062 717 2114 terrae
735 2063 835 2114 centro
850 2053 968 2132 apsides
984 2053 1143 2113 altissimae

137 2144 203 2195 sunt
218 2136 340 2195 Saturno
365 2138 393 2198 in
415 2138 591 2214 scorpione,
616 2136 677 2197 lovi
693 2138 722 2197 in
736 2139 865 2215 uirgine,
889 2136 973 2197 Marti
996 2138 1025 2196 in
1042 2136 1141 2213 leone,

138 2219 193 2279 soli
209 2219 237 2279 in
255 2220 387 2295 geminis,
403 2217 512 2279 Veneri
528 2222 556 2281 in
571 2221 731 2297 sagittario,
748 2219 894 2281 llerourio
910 2222 938 2279 in
955 2221 1140 2298 capricorno,

136 2302 239 2362 mediis
260 2303 384 2362 omnium
407 2302 551 2382 partibus,
579 2313 608 2365 et
630 2322 647 2364 e
669 2306 812 2365 contrario
835 2305 871 2365 ad
892 2314 990 2365 terrae
1012 2313 1141 2363 centrum
1150 2325 1179 2364 cs

137 2387 311 2448 humillimae
327 2395 414 2465 atque
429 2389 588 2466 proximae.
620 2389 670 2449 Sic
685 2388 759 2448 litut
773 2388 882 2449 tardius
897 2389 1008 2448 moveri
1023 2388 1142 2448 videan-

137 2480 192 2547 tur,
211 2489 274 2530 cum
291 2471 430 2531 altissimo
448 2471 555 2532 ambitu
572 2473 719 2548 feruntur,
743 2489 800 2532 non
818 2473 884 2551 quia
900 2471 1071 2532 adcelerent
1083 2480 1142 2531 tar·

137 2553 242 2613 dentve
253 2555 400 2616 naturales
415 2564 541 2635 motuus,
557 2559 605 2635 qui
619 2557 692 2616 certi
720 2573 755 2616 ac
776 2555 882 2633 singuli
904 2565 968 2616 sunt
984 2555 1059 2630 illis,
1089 2555 1143 2615 sed

138 2639 205 2714 quia
221 2636 360 2696 deductas
377 2637 413 2698 ab
432 2657 539 2699 summa
570 2641 670 2718 apside
686 2640 779 2699 lineas
813 2641 938 2699 coartari
956 2639 993 2699 ad
1011 2642 1142 2699 centrum

136 2736 263 2778 necesse
282 2728 326 2778 est
340 2722 414 2779 sicut
429 2723 457 2780 in
472 2723 544 2781 rotis
561 2723 677 2798 radios,
695 2721 829 2801 idemque
848 2731 943 2782 motus
959 2723 1033 2783 alias
1050 2723 1179 2782 maiorso

96 2801 208 2871 stelias
222 2802 314 2861 minor
330 2803 421 2862 centri
436 2805 649 2883 propinquitate
662 2808 789 2865 sentitur.
814 2805 916 2868 Altera
930 2806 1143 2866 sublimitatium

139 2902 237 2962 causa,
254 2887 387 2964 quoniam
402 2904 418 2946 a
434 2905 487 2947 suo
504 2897 605 2948 centro
621 2890 737 2968 apsidas
752 2889 904 2951 altissimas
920 2889 1027 2950 habent
1038 2891 1067 2948 in
1078 2889 1143 2949 aliis

50 2990 53 2995 ’
138 2969 245 3046 signis,
273 2970 411 3030 Saturnus
433 2971 462 3030 in
485 2971 577 3032 librae
602 2982 684 3051 parte
710 2975 864 3050 vicesima,
890 2973 1020 3053 luppiter
1044 2972 1143 3034 cancri

139 3054 235 3131 quinta
264 3053 390 3131 decima,
405 3052 482 3114 llars
500 3057 663 3135 capricorni
677 3055 816 3118 vicesima
832 3067 953 3135 octava,
978 3057 1025 3119 sol
1043 3057 1143 3117 arietis

137 3137 277 3198 vicesima
292 3155 383 3215 norro,
404 3136 504 3198 Venus
521 3140 644 3218 piscium
671 3145 792 3222 septima
818 3142 942 3219 decima,
979 3139 1177 3201 Mercuriusss

138 3221 258 3298 uirginis
273 3223 370 3300 quinta
392 3221 516 3298 decima,
533 3224 599 3284 luna
614 3226 687 3284 tauri
704 3234 814 3304 quartu.
847 3224 946 3287 l'ertia
965 3223 1143 3286 altitudinum

138 3304 212 3363 ratio
235 3306 309 3366 caeli
322 3323 467 3384 mensura,
485 3324 543 3368 non
563 3308 678 3386 circuli,
701 3308 895 3386 intellegitur,
912 3308 1011 3368 subire
1028 3324 1080 3368 eas
1095 3315 1145 3368 aut

95 3385 320 3449 dodescendere
335 3407 390 3468 per
404 3390 578 3470 prolundum
600 3393 676 3452 aeris
692 3392 786 3452 oculis
814 3391 1043 3454 aestimantibus.
1070 3390 1144 3451 lluic
