<?xml version="1.0" encoding="UTF-8"?>
<!DOCTYPE html PUBLIC "-//W3C//DTD XHTML 1.0 Transitional//EN"
    "http://www.w3.org/TR/xhtml1/DTD/xhtml1-transitional.dtd">
<html xmlns="http://www.w3.org/1999/xhtml" xml:lang="en" lang="en">
 <head>
  <title>
</title>
<meta http-equiv="Content-Type" content="text/html;charset=utf-8" />
  <meta name='ocr-system' content='tesseract 3.04.00' />
  <meta name='ocr-capabilities' content='ocr_page ocr_carea ocr_par ocr_line ocrx_word'/>
</head>
<body>
  <div class='ocr_page' id='page_1' title='image "./cplinisecundina07plingoog_0137.png"; bbox 0 0 2400 3856; ppageno 0'>
   <div class='ocr_carea' id='block_1_1' title="bbox 92 146 757 212">
    <p class='ocr_par' dir='ltr' id='par_1_1' title="bbox 92 146 757 212">
     <span class='ocr_line' id='line_1_1' title="bbox 92 146 757 212; baseline -0.008 0"><span class='ocrx_word' id='word_1_1' title='bbox 92 146 135 212; x_wconf 83' lang='lat'><strong>50</strong></span> <span class='ocrx_word' id='word_1_2' title='bbox 438 160 468 209; x_wconf 87' lang='lat' dir='ltr'><strong>c.</strong></span> <span class='ocrx_word' id='word_1_3' title='bbox 491 160 588 208; x_wconf 75' lang='lat' dir='ltr'><strong>numu</strong></span> <span class='ocrx_word' id='word_1_4' title='bbox 609 159 757 210; x_wconf 80' lang='lat' dir='ltr'><strong>suounm</strong></span> 
     </span>
    </p>
   </div>
   <div class='ocr_carea' id='block_1_2' title="bbox 93 308 1125 734">
    <p class='ocr_par' dir='ltr' id='par_1_2' title="bbox 93 308 1125 734">
     <span class='ocr_line' id='line_1_2' title="bbox 93 308 1102 400; baseline -0.002 -23"><span class='ocrx_word' id='word_1_5' title='bbox 93 316 217 377; x_wconf 89' lang='lat' dir='ltr'><strong>malibus</strong></span> <span class='ocrx_word' id='word_1_6' title='bbox 239 308 419 400; x_wconf 87' lang='lat' dir='ltr'><strong>(elephanto</strong></span> <span class='ocrx_word' id='word_1_7' title='bbox 436 314 521 394; x_wconf 89' lang='lat' dir='ltr'>VIII,</span> <span class='ocrx_word' id='word_1_8' title='bbox 548 314 597 378; x_wconf 77' lang='lat'><strong>25.</strong></span> <span class='ocrx_word' id='word_1_9' title='bbox 614 315 702 376; x_wconf 90' lang='lat' dir='ltr'><strong>leone</strong></span> <span class='ocrx_word' id='word_1_10' title='bbox 716 314 760 390; x_wconf 99' lang='lat' dir='ltr'>X,</span> <span class='ocrx_word' id='word_1_11' title='bbox 787 311 836 375; x_wconf 91' lang='grc'><strong>26.</strong></span> <span class='ocrx_word' id='word_1_12' title='bbox 861 313 972 373; x_wconf 89' lang='lat' dir='ltr'><strong>camelo</strong></span> <span class='ocrx_word' id='word_1_13' title='bbox 988 312 1027 389; x_wconf 88' lang='lat' dir='ltr'><strong>X,</strong></span> <span class='ocrx_word' id='word_1_14' title='bbox 1050 310 1102 375; x_wconf 86' lang='grc'><strong>27.</strong></span> 
     </span>
     <span class='ocr_line' id='line_1_3' title="bbox 95 395 1102 476; baseline -0.002 -16"><span class='ocrx_word' id='word_1_15' title='bbox 95 400 208 475; x_wconf 75' lang='lat' dir='ltr'><strong>hyaena</strong></span> <span class='ocrx_word' id='word_1_16' title='bbox 221 398 397 476; x_wconf 84' lang='lat' dir='ltr'>LXXVIIII,</span> <span class='ocrx_word' id='word_1_17' title='bbox 417 396 469 460; x_wconf 92' lang='grc'><strong>28.</strong></span> <span class='ocrx_word' id='word_1_18' title='bbox 487 399 637 460; x_wconf 80' lang='lat' dir='ltr'><strong>crocodilo</strong></span> <span class='ocrx_word' id='word_1_19' title='bbox 654 396 778 476; x_wconf 93' lang='lat' dir='ltr'>XVIIII,</span> <span class='ocrx_word' id='word_1_20' title='bbox 793 396 961 457; x_wconf 82' lang='lat' dir='ltr'><strong>crocodilea</strong></span> <span class='ocrx_word' id='word_1_21' title='bbox 975 397 1028 474; x_wconf 95' lang='lat' dir='ltr'>XI,</span> <span class='ocrx_word' id='word_1_22' title='bbox 1051 395 1102 458; x_wconf 89' lang='grc'><strong>29.</strong></span> 
     </span>
     <span class='ocr_line' id='line_1_4' title="bbox 96 480 1104 560; baseline -0.004 -16"><span class='ocrx_word' id='word_1_23' title='bbox 96 484 303 544; x_wconf 78' lang='lat' dir='ltr'><strong>chamaeleone</strong></span> <span class='ocrx_word' id='word_1_24' title='bbox 325 482 392 559; x_wconf 93' lang='lat' dir='ltr'>XV,</span> <span class='ocrx_word' id='word_1_25' title='bbox 424 480 473 546; x_wconf 88' lang='grc'><strong>30.</strong></span> <span class='ocrx_word' id='word_1_26' title='bbox 496 485 595 543; x_wconf 92' lang='lat' dir='ltr'><strong>scinco</strong></span> <span class='ocrx_word' id='word_1_27' title='bbox 619 481 692 560; x_wconf 91' lang='lat' dir='ltr'>IIII,</span> <span class='ocrx_word' id='word_1_28' title='bbox 722 480 774 544; x_wconf 88' lang='lat'><strong>31.</strong></span> <span class='ocrx_word' id='word_1_29' title='bbox 800 480 1019 559; x_wconf 75' lang='lat' dir='ltr'><strong>hippopotamio</strong></span> <span class='ocrx_word' id='word_1_30' title='bbox 1035 480 1104 558; x_wconf 91' lang='lat' dir='ltr'>VII,</span> 
     </span>
     <span class='ocr_line' id='line_1_5' title="bbox 95 562 1103 652; baseline -0.005 -22"><span class='ocrx_word' id='word_1_31' title='bbox 95 567 147 630; x_wconf 93' lang='grc'><strong>32.</strong></span> <span class='ocrx_word' id='word_1_32' title='bbox 162 568 246 646; x_wconf 75' lang='lat' dir='ltr'><strong>lynce</strong></span> <span class='ocrx_word' id='word_1_33' title='bbox 263 562 323 652; x_wconf 77' lang='lat' dir='ltr'><strong>VJ.</strong></span> <span class='ocrx_word' id='word_1_34' title='bbox 355 564 510 646; x_wconf 87' lang='lat'>(33-41)</span> <span class='ocrx_word' id='word_1_35' title='bbox 525 565 687 628; x_wconf 79' lang='lat' dir='ltr'><strong>Medicinae</strong></span> <span class='ocrx_word' id='word_1_36' title='bbox 702 582 867 626; x_wconf 89' lang='lat' dir='ltr'><strong>communes</strong></span> <span class='ocrx_word' id='word_1_37' title='bbox 883 583 922 624; x_wconf 82' lang='lat' dir='ltr'><strong>ex</strong></span> <span class='ocrx_word' id='word_1_38' title='bbox 932 564 1103 626; x_wconf 88' lang='lat' dir='ltr'><strong>animalibus</strong></span> 
     </span>
     <span class='ocr_line' id='line_1_6' title="bbox 94 644 1125 734; baseline -0.003 -22"><span class='ocrx_word' id='word_1_39' title='bbox 94 653 167 712; x_wconf 87' lang='lat' dir='ltr'><strong>feris</strong></span> <span class='ocrx_word' id='word_1_40' title='bbox 181 660 230 711; x_wconf 87' lang='lat' dir='ltr'><strong>aut</strong></span> <span class='ocrx_word' id='word_1_41' title='bbox 244 651 375 712; x_wconf 91' lang='lat' dir='ltr'><strong>eiusdem</strong></span> <span class='ocrx_word' id='word_1_42' title='bbox 386 652 505 728; x_wconf 82' lang='lat' dir='ltr'><strong>generis</strong></span> <span class='ocrx_word' id='word_1_43' title='bbox 517 650 638 728; x_wconf 92' lang='lat' dir='ltr'><strong>placidis</strong></span> <span class='ocrx_word' id='word_1_44' title='bbox 660 644 899 734; x_wconf 81' lang='lat' dir='ltr'><strong>(Iactisusuuset</strong></span> <span class='ocrx_word' id='word_1_45' title='bbox 917 649 1125 714; x_wconf 79' lang='lat' dir='ltr'><strong>observatio-5</strong></span> 
     </span>
    </p>
   </div>
   <div class='ocr_carea' id='block_1_3' title="bbox 95 730 1104 813">
    <p class='ocr_par' dir='ltr' id='par_1_3' title="bbox 95 730 1104 813">
     <span class='ocr_line' id='line_1_7' title="bbox 95 730 1104 813; baseline -0.002 -17"><span class='ocrx_word' id='word_1_46' title='bbox 95 755 148 796; x_wconf 89' lang='lat' dir='ltr'><strong>nes</strong></span> <span class='ocrx_word' id='word_1_47' title='bbox 163 734 251 813; x_wconf 82' lang='lat' dir='ltr'>IIIII,</span> <span class='ocrx_word' id='word_1_48' title='bbox 275 733 490 797; x_wconf 65' lang='lat' dir='ltr'><strong>athanasus</strong></span> <span class='ocrx_word' id='word_1_49' title='bbox 509 734 575 811; x_wconf 93' lang='lat' dir='ltr'>XII,</span> <span class='ocrx_word' id='word_1_50' title='bbox 596 732 647 795; x_wconf 87' lang='grc'><strong>35.</strong></span> <span class='ocrx_word' id='word_1_51' title='bbox 666 734 773 807; x_wconf 77' lang='lat' dir='ltr'><strong>butyro</strong></span> <span class='ocrx_word' id='word_1_52' title='bbox 792 730 888 809; x_wconf 91' lang='lat' dir='ltr'>XXV,</span> <span class='ocrx_word' id='word_1_53' title='bbox 907 730 959 794; x_wconf 88' lang='grc'><strong>36.</strong></span> <span class='ocrx_word' id='word_1_54' title='bbox 975 732 1104 810; x_wconf 70' lang='lat' dir='ltr'><strong>oxygala</strong></span> 
     </span>
    </p>
   </div>
   <div class='ocr_carea' id='block_1_4' title="bbox 88 812 1143 3508">
    <p class='ocr_par' dir='ltr' id='par_1_4' title="bbox 94 812 1140 1634">
     <span class='ocr_line' id='line_1_8' title="bbox 94 812 1103 898; baseline -0.001 -19"><span class='ocrx_word' id='word_1_55' title='bbox 94 818 119 897; x_wconf 93' lang='lat' dir='ltr'>I,</span> <span class='ocrx_word' id='word_1_56' title='bbox 140 818 191 882; x_wconf 74' lang='lat'><strong>37.</strong></span> <span class='ocrx_word' id='word_1_57' title='bbox 208 819 397 898; x_wconf 87' lang='lat' dir='ltr'><strong>adipisusuus</strong></span> <span class='ocrx_word' id='word_1_58' title='bbox 406 827 435 878; x_wconf 89' lang='lat' dir='ltr'><strong>et</strong></span> <span class='ocrx_word' id='word_1_59' title='bbox 452 819 677 879; x_wconf 89' lang='lat' dir='ltr'><strong>observationes</strong></span> <span class='ocrx_word' id='word_1_60' title='bbox 692 816 754 891; x_wconf 86' lang='lat' dir='ltr'>LII,</span> <span class='ocrx_word' id='word_1_61' title='bbox 770 812 821 878; x_wconf 85' lang='lat'><strong>38.</strong></span> <span class='ocrx_word' id='word_1_62' title='bbox 838 814 875 876; x_wconf 94' lang='lat' dir='ltr'><strong>de</strong></span> <span class='ocrx_word' id='word_1_63' title='bbox 891 815 977 892; x_wconf 90' lang='lat' dir='ltr'><strong>sebo,</strong></span> <span class='ocrx_word' id='word_1_64' title='bbox 998 814 1049 878; x_wconf 88' lang='grc'><strong>39.</strong></span> <span class='ocrx_word' id='word_1_65' title='bbox 1066 817 1103 878; x_wconf 88' lang='lat' dir='ltr'><strong>de</strong></span> 
     </span>
     <span class='ocr_line' id='line_1_9' title="bbox 94 895 1103 985; baseline -0.002 -22"><span class='ocrx_word' id='word_1_66' title='bbox 94 904 230 981; x_wconf 85' lang='lat' dir='ltr'><strong>medulla,</strong></span> <span class='ocrx_word' id='word_1_67' title='bbox 245 901 297 965; x_wconf 87' lang='grc'><strong>40.</strong></span> <span class='ocrx_word' id='word_1_68' title='bbox 314 903 351 963; x_wconf 93' lang='lat' dir='ltr'><strong>de</strong></span> <span class='ocrx_word' id='word_1_69' title='bbox 365 901 448 977; x_wconf 81' lang='lat' dir='ltr'><strong>felle,</strong></span> <span class='ocrx_word' id='word_1_70' title='bbox 464 899 515 963; x_wconf 88' lang='lat'><strong>41.</strong></span> <span class='ocrx_word' id='word_1_71' title='bbox 532 902 569 961; x_wconf 89' lang='lat' dir='ltr'><strong>dc</strong></span> <span class='ocrx_word' id='word_1_72' title='bbox 591 895 763 985; x_wconf 74' lang='lat' dir='ltr'><strong>sanguine).</strong></span> <span class='ocrx_word' id='word_1_73' title='bbox 795 896 951 979; x_wconf 86' lang='grc'><strong>(42-80)</strong></span> <span class='ocrx_word' id='word_1_74' title='bbox 967 899 1103 961; x_wconf 73' lang='lat' dir='ltr'><strong>Privatae</strong></span> 
     </span>
     <span class='ocr_line' id='line_1_10' title="bbox 96 984 1103 1063; baseline -0.003 -16"><span class='ocrx_word' id='word_1_75' title='bbox 96 1005 134 1047; x_wconf 87' lang='lat' dir='ltr'><strong>ex</strong></span> <span class='ocrx_word' id='word_1_76' title='bbox 151 986 319 1046; x_wconf 87' lang='lat' dir='ltr'><strong>animalibus</strong></span> <span class='ocrx_word' id='word_1_77' title='bbox 341 986 501 1046; x_wconf 89' lang='lat' dir='ltr'><strong>medicinae</strong></span> <span class='ocrx_word' id='word_1_78' title='bbox 522 984 656 1062; x_wconf 80' lang='lat' dir='ltr'><strong>digestae</strong></span> <span class='ocrx_word' id='word_1_79' title='bbox 673 987 703 1044; x_wconf 89' lang='lat' dir='ltr'><strong>iu</strong></span> <span class='ocrx_word' id='word_1_80' title='bbox 722 984 860 1060; x_wconf 86' lang='lat' dir='ltr'><strong>morbos,</strong></span> <span class='ocrx_word' id='word_1_81' title='bbox 884 1002 923 1044; x_wconf 84' lang='lat' dir='ltr'><strong>ex</strong></span> <span class='ocrx_word' id='word_1_82' title='bbox 943 1001 1015 1063; x_wconf 87' lang='lat' dir='ltr'><strong>apro</strong></span> <span class='ocrx_word' id='word_1_83' title='bbox 1036 984 1103 1061; x_wconf 88' lang='lat' dir='ltr'>XII,</span> 
     </span>
     <span class='ocr_line' id='line_1_11' title="bbox 96 1066 1138 1147; baseline -0.001 -18"><span class='ocrx_word' id='word_1_84' title='bbox 96 1089 148 1130; x_wconf 92' lang='lat' dir='ltr'><strong>sue</strong></span> <span class='ocrx_word' id='word_1_85' title='bbox 164 1069 229 1146; x_wconf 84' lang='lat' dir='ltr'>LX,</span> <span class='ocrx_word' id='word_1_86' title='bbox 252 1085 341 1129; x_wconf 88' lang='lat' dir='ltr'><strong>cervo</strong></span> <span class='ocrx_word' id='word_1_87' title='bbox 359 1067 417 1145; x_wconf 95' lang='lat' dir='ltr'>III,</span> <span class='ocrx_word' id='word_1_88' title='bbox 436 1069 505 1146; x_wconf 92' lang='lat' dir='ltr'><strong>lupo</strong></span> <span class='ocrx_word' id='word_1_89' title='bbox 520 1067 649 1147; x_wconf 90' lang='lat' dir='ltr'>XXVII,</span> <span class='ocrx_word' id='word_1_90' title='bbox 672 1086 740 1128; x_wconf 89' lang='lat' dir='ltr'><strong>urso</strong></span> <span class='ocrx_word' id='word_1_91' title='bbox 758 1066 886 1144; x_wconf 87' lang='lat' dir='ltr'>XXIIII,</span> <span class='ocrx_word' id='word_1_92' title='bbox 908 1085 1020 1145; x_wconf 80' lang='lat' dir='ltr'><strong>onagro</strong></span> <span class='ocrx_word' id='word_1_93' title='bbox 1036 1067 1103 1145; x_wconf 87' lang='lat' dir='ltr'>XII,</span> <span class='ocrx_word' id='word_1_94' title='bbox 1114 1099 1138 1138; x_wconf 64' lang='grc' dir='ltr'>ω</span> 
     </span>
     <span class='ocr_line' id='line_1_12' title="bbox 96 1150 1103 1230; baseline 0.002 -18"><span class='ocrx_word' id='word_1_95' title='bbox 96 1155 178 1213; x_wconf 84' lang='lat' dir='ltr'><strong>asino</strong></span> <span class='ocrx_word' id='word_1_96' title='bbox 195 1150 327 1228; x_wconf 89' lang='lat' dir='ltr'>LXXVI,</span> <span class='ocrx_word' id='word_1_97' title='bbox 341 1151 429 1230; x_wconf 90' lang='lat' dir='ltr'><strong>polea</strong></span> <span class='ocrx_word' id='word_1_98' title='bbox 443 1151 501 1230; x_wconf 94' lang='lat' dir='ltr'>III,</span> <span class='ocrx_word' id='word_1_99' title='bbox 518 1153 653 1230; x_wconf 86' lang='lat' dir='ltr'><strong>equifero</strong></span> <span class='ocrx_word' id='word_1_100' title='bbox 666 1152 718 1229; x_wconf 92' lang='lat' dir='ltr'>XI,</span> <span class='ocrx_word' id='word_1_101' title='bbox 736 1152 831 1213; x_wconf 90' lang='lat' dir='ltr'><strong>eculei</strong></span> <span class='ocrx_word' id='word_1_102' title='bbox 843 1151 968 1229; x_wconf 82' lang='lat' dir='ltr'><strong>coagulo</strong></span> <span class='ocrx_word' id='word_1_103' title='bbox 982 1150 1008 1230; x_wconf 88' lang='lat' dir='ltr'><strong>l,</strong></span> <span class='ocrx_word' id='word_1_104' title='bbox 1025 1171 1103 1230; x_wconf 88' lang='lat' dir='ltr'><strong>equo</strong></span> 
     </span>
     <span class='ocr_line' id='line_1_13' title="bbox 95 1234 1103 1314; baseline 0 -18"><span class='ocrx_word' id='word_1_105' title='bbox 95 1234 192 1312; x_wconf 85' lang='lat' dir='ltr'>XLII,</span> <span class='ocrx_word' id='word_1_106' title='bbox 218 1234 342 1313; x_wconf 90' lang='lat' dir='ltr'><strong>hippace</strong></span> <span class='ocrx_word' id='word_1_107' title='bbox 357 1234 385 1311; x_wconf 95' lang='lat' dir='ltr'>I,</span> <span class='ocrx_word' id='word_1_108' title='bbox 406 1235 500 1295; x_wconf 94' lang='lat' dir='ltr'><strong>bubus</strong></span> <span class='ocrx_word' id='word_1_109' title='bbox 516 1236 588 1297; x_wconf 83' lang='lat' dir='ltr'><strong>ieris</strong></span> <span class='ocrx_word' id='word_1_110' title='bbox 606 1235 649 1313; x_wconf 95' lang='lat' dir='ltr'>II,</span> <span class='ocrx_word' id='word_1_111' title='bbox 671 1236 750 1296; x_wconf 87' lang='lat' dir='ltr'><strong>hove</strong></span> <span class='ocrx_word' id='word_1_112' title='bbox 764 1235 896 1313; x_wconf 81' lang='lat' dir='ltr'>LXXXI,</span> <span class='ocrx_word' id='word_1_113' title='bbox 920 1244 1004 1295; x_wconf 89' lang='lat' dir='ltr'><strong>tauro</strong></span> <span class='ocrx_word' id='word_1_114' title='bbox 1025 1234 1103 1314; x_wconf 85' lang='lat' dir='ltr'>LIII,</span> 
     </span>
     <span class='ocr_line' id='line_1_14' title="bbox 95 1318 1104 1399; baseline 0 -21"><span class='ocrx_word' id='word_1_115' title='bbox 95 1320 187 1380; x_wconf 87' lang='lat' dir='ltr'><strong>vitulo</strong></span> <span class='ocrx_word' id='word_1_116' title='bbox 211 1318 335 1397; x_wconf 87' lang='lat' dir='ltr'>LVIIII,</span> <span class='ocrx_word' id='word_1_117' title='bbox 355 1319 459 1399; x_wconf 89' lang='lat' dir='ltr'><strong>lepore</strong></span> <span class='ocrx_word' id='word_1_118' title='bbox 474 1319 598 1399; x_wconf 88' lang='lat' dir='ltr'>LXIIII,</span> <span class='ocrx_word' id='word_1_119' title='bbox 621 1320 710 1398; x_wconf 90' lang='lat' dir='ltr'><strong>volpe</strong></span> <span class='ocrx_word' id='word_1_120' title='bbox 732 1319 807 1398; x_wconf 92' lang='lat' dir='ltr'>XX,</span> <span class='ocrx_word' id='word_1_121' title='bbox 828 1319 905 1380; x_wconf 91' lang='lat' dir='ltr'><strong>mele</strong></span> <span class='ocrx_word' id='word_1_122' title='bbox 925 1319 963 1396; x_wconf 93' lang='lat' dir='ltr'>II,</span> <span class='ocrx_word' id='word_1_123' title='bbox 988 1320 1048 1380; x_wconf 81' lang='lat' dir='ltr'><strong>fele</strong></span> <span class='ocrx_word' id='word_1_124' title='bbox 1064 1319 1104 1397; x_wconf 87' lang='lat' dir='ltr'>V,</span> 
     </span>
     <span class='ocr_line' id='line_1_15' title="bbox 96 1402 1105 1484; baseline -0.002 -19"><span class='ocrx_word' id='word_1_125' title='bbox 96 1423 183 1484; x_wconf 88' lang='lat' dir='ltr'><strong>capra</strong></span> <span class='ocrx_word' id='word_1_126' title='bbox 201 1402 306 1482; x_wconf 82' lang='lat' dir='ltr'>CXVI,</span> <span class='ocrx_word' id='word_1_127' title='bbox 323 1403 405 1465; x_wconf 89' lang='lat' dir='ltr'><strong>hirco</strong></span> <span class='ocrx_word' id='word_1_128' title='bbox 421 1402 530 1484; x_wconf 89' lang='lat' dir='ltr'>XXXI,</span> <span class='ocrx_word' id='word_1_129' title='bbox 544 1405 641 1466; x_wconf 93' lang='lat' dir='ltr'><strong>hoedo</strong></span> <span class='ocrx_word' id='word_1_130' title='bbox 657 1404 735 1465; x_wconf 88' lang='lat' dir='ltr'>XXI.</span> <span class='ocrx_word' id='word_1_131' title='bbox 765 1403 799 1484; x_wconf 81' lang='lat' dir='ltr'><strong>(t</strong></span> <span class='ocrx_word' id='word_1_132' title='bbox 804 1403 837 1483; x_wconf 87' lang='lat'><strong>1)</strong></span> <span class='ocrx_word' id='word_1_133' title='bbox 854 1403 898 1464; x_wconf 86' lang='lat' dir='ltr'><strong>De</strong></span> <span class='ocrx_word' id='word_1_134' title='bbox 914 1403 1027 1481; x_wconf 82' lang='lat' dir='ltr'><strong>glutino</strong></span> <span class='ocrx_word' id='word_1_135' title='bbox 1043 1411 1105 1463; x_wconf 89' lang='lat' dir='ltr'><strong>tau·</strong></span> 
     </span>
     <span class='ocr_line' id='line_1_16' title="bbox 95 1486 1140 1568; baseline 0 -19"><span class='ocrx_word' id='word_1_136' title='bbox 95 1492 160 1549; x_wconf 81' lang='lat' dir='ltr'><strong>rIno</strong></span> <span class='ocrx_word' id='word_1_137' title='bbox 175 1488 345 1568; x_wconf 90' lang='lat' dir='ltr'><strong>probando,</strong></span> <span class='ocrx_word' id='word_1_138' title='bbox 364 1497 393 1549; x_wconf 87' lang='lat' dir='ltr'><strong>et</strong></span> <span class='ocrx_word' id='word_1_139' title='bbox 409 1489 569 1552; x_wconf 89' lang='lat' dir='ltr'><strong>medicinae</strong></span> <span class='ocrx_word' id='word_1_140' title='bbox 586 1508 623 1551; x_wconf 84' lang='lat' dir='ltr'><strong>ex</strong></span> <span class='ocrx_word' id='word_1_141' title='bbox 642 1506 679 1549; x_wconf 92' lang='lat' dir='ltr'><strong>eo</strong></span> <span class='ocrx_word' id='word_1_142' title='bbox 695 1487 758 1548; x_wconf 91' lang='lat' dir='ltr'><strong>VII.</strong></span> <span class='ocrx_word' id='word_1_143' title='bbox 788 1488 918 1548; x_wconf 88' lang='lat' dir='ltr'><strong>Summa:</strong></span> <span class='ocrx_word' id='word_1_144' title='bbox 941 1486 1104 1549; x_wconf 88' lang='lat' dir='ltr'><strong>medicinae</strong></span> <span class='ocrx_word' id='word_1_145' title='bbox 1115 1516 1140 1557; x_wconf 80' lang='lat'><strong>15</strong></span> 
     </span>
     <span class='ocr_line' id='line_1_17' title="bbox 96 1570 808 1634; baseline -0.006 0"><span class='ocrx_word' id='word_1_146' title='bbox 96 1583 126 1634; x_wconf 90' lang='lat' dir='ltr'><strong>et</strong></span> <span class='ocrx_word' id='word_1_147' title='bbox 140 1574 282 1634; x_wconf 90' lang='lat' dir='ltr'><strong>historiae</strong></span> <span class='ocrx_word' id='word_1_148' title='bbox 298 1582 328 1633; x_wconf 89' lang='lat' dir='ltr'><strong>et</strong></span> <span class='ocrx_word' id='word_1_149' title='bbox 343 1574 567 1634; x_wconf 88' lang='lat' dir='ltr'><strong>observationes</strong></span> <span class='ocrx_word' id='word_1_150' title='bbox 582 1570 808 1633; x_wconf 83' lang='lat' dir='ltr'>IIDGLXXXII.</span> 
     </span>
    </p>

    <p class='ocr_par' dir='ltr' id='par_1_5' title="bbox 94 1655 1143 2660">
     <span class='ocr_line' id='line_1_18' title="bbox 158 1655 1105 1735; baseline -0.001 -17"><span class='ocrx_word' id='word_1_151' title='bbox 158 1658 205 1718; x_wconf 86' lang='lat' dir='ltr'><strong>Ex</strong></span> <span class='ocrx_word' id='word_1_152' title='bbox 220 1658 404 1717; x_wconf 91' lang='lat' dir='ltr'><strong>auctoribus:</strong></span> <span class='ocrx_word' id='word_1_153' title='bbox 428 1656 466 1717; x_wconf 85' lang='lat' dir='ltr'><strong>ul.</strong></span> <span class='ocrx_word' id='word_1_154' title='bbox 484 1657 635 1734; x_wconf 90' lang='lat' dir='ltr'><strong>Varrone,</strong></span> <span class='ocrx_word' id='word_1_155' title='bbox 656 1656 687 1717; x_wconf 68' lang='lat' dir='ltr'><strong>I..</strong></span> <span class='ocrx_word' id='word_1_156' title='bbox 700 1656 827 1734; x_wconf 90' lang='lat' dir='ltr'><strong>Pisone,</strong></span> <span class='ocrx_word' id='word_1_157' title='bbox 845 1655 981 1735; x_wconf 90' lang='lat' dir='ltr'><strong>Antiate,</strong></span> <span class='ocrx_word' id='word_1_158' title='bbox 998 1656 1105 1735; x_wconf 87' lang='lat' dir='ltr'><strong>Fabio,</strong></span> 
     </span>
     <span class='ocr_line' id='line_1_19' title="bbox 96 1739 1105 1820; baseline 0 -20"><span class='ocrx_word' id='word_1_159' title='bbox 96 1741 217 1820; x_wconf 87' lang='lat' dir='ltr'><strong>Verrio,</strong></span> <span class='ocrx_word' id='word_1_160' title='bbox 232 1741 378 1818; x_wconf 83' lang='lat' dir='ltr'><strong>Fabiano,</strong></span> <span class='ocrx_word' id='word_1_161' title='bbox 397 1739 509 1802; x_wconf 81' lang='lat' dir='ltr'><strong>Catone</strong></span> <span class='ocrx_word' id='word_1_162' title='bbox 524 1743 679 1817; x_wconf 89' lang='lat' dir='ltr'><strong>censorio,</strong></span> <span class='ocrx_word' id='word_1_163' title='bbox 702 1740 807 1801; x_wconf 88' lang='lat' dir='ltr'><strong>Servio</strong></span> <span class='ocrx_word' id='word_1_164' title='bbox 825 1741 972 1819; x_wconf 91' lang='lat' dir='ltr'><strong>Sulpicio,</strong></span> <span class='ocrx_word' id='word_1_165' title='bbox 991 1740 1105 1801; x_wconf 90' lang='lat' dir='ltr'><strong>Licinio</strong></span> 
     </span>
     <span class='ocr_line' id='line_1_20' title="bbox 95 1822 1105 1904; baseline 0 -19"><span class='ocrx_word' id='word_1_166' title='bbox 95 1825 211 1904; x_wconf 85' lang='lat' dir='ltr'><strong>blacro,</strong></span> <span class='ocrx_word' id='word_1_167' title='bbox 234 1823 339 1903; x_wconf 85' lang='lat' dir='ltr'><strong>Celso,</strong></span> <span class='ocrx_word' id='word_1_168' title='bbox 361 1824 507 1904; x_wconf 83' lang='lat' dir='ltr'><strong>lilasurio,</strong></span> <span class='ocrx_word' id='word_1_169' title='bbox 530 1826 633 1887; x_wconf 84' lang='lat' dir='ltr'><strong>Sextio</strong></span> <span class='ocrx_word' id='word_1_170' title='bbox 654 1823 747 1902; x_wconf 79' lang='lat' dir='ltr'><strong>Nigro</strong></span> <span class='ocrx_word' id='word_1_171' title='bbox 768 1825 817 1902; x_wconf 89' lang='lat' dir='ltr'><strong>qui</strong></span> <span class='ocrx_word' id='word_1_172' title='bbox 841 1822 951 1885; x_wconf 84' lang='lat' dir='ltr'><strong>Graece</strong></span> <span class='ocrx_word' id='word_1_173' title='bbox 974 1827 1105 1904; x_wconf 90' lang='lat' dir='ltr'><strong>scripsit,</strong></span> 
     </span>
     <span class='ocr_line' id='line_1_21' title="bbox 96 1907 1141 1988; baseline 0.004 -20"><span class='ocrx_word' id='word_1_174' title='bbox 96 1910 189 1986; x_wconf 84' lang='lat' dir='ltr'><strong>Bptho</strong></span> <span class='ocrx_word' id='word_1_175' title='bbox 211 1909 417 1988; x_wconf 85' lang='lat' dir='ltr'><strong>Durracheno,</strong></span> <span class='ocrx_word' id='word_1_176' title='bbox 441 1909 563 1971; x_wconf 89' lang='lat' dir='ltr'><strong>Rabirio</strong></span> <span class='ocrx_word' id='word_1_177' title='bbox 584 1909 714 1984; x_wconf 87' lang='lat' dir='ltr'><strong>medico,</strong></span> <span class='ocrx_word' id='word_1_178' title='bbox 737 1908 822 1968; x_wconf 89' lang='lat' dir='ltr'><strong>Olilio</strong></span> <span class='ocrx_word' id='word_1_179' title='bbox 844 1909 975 1987; x_wconf 90' lang='lat' dir='ltr'><strong>medico,</strong></span> <span class='ocrx_word' id='word_1_180' title='bbox 998 1907 1141 1973; x_wconf 82' lang='lat' dir='ltr'><strong>Granioao</strong></span> 
     </span>
     <span class='ocr_line' id='line_1_22' title="bbox 96 1990 1107 2071; baseline 0.003 -21"><span class='ocrx_word' id='word_1_181' title='bbox 96 1994 217 2052; x_wconf 87' lang='lat' dir='ltr'><strong>medico.</strong></span> <span class='ocrx_word' id='word_1_182' title='bbox 244 1991 399 2052; x_wconf 85' lang='lat' dir='ltr'><strong>Enternis:</strong></span> <span class='ocrx_word' id='word_1_183' title='bbox 415 1993 597 2070; x_wconf 89' lang='lat' dir='ltr'><strong>Democrito,</strong></span> <span class='ocrx_word' id='word_1_184' title='bbox 616 1992 776 2071; x_wconf 91' lang='lat' dir='ltr'><strong>Apollonio</strong></span> <span class='ocrx_word' id='word_1_185' title='bbox 790 1993 838 2070; x_wconf 93' lang='lat' dir='ltr'><strong>qui</strong></span> <span class='ocrx_word' id='word_1_186' title='bbox 851 2001 881 2052; x_wconf 89' lang='lat' dir='ltr'><strong>et</strong></span> <span class='ocrx_word' id='word_1_187' title='bbox 893 1990 969 2070; x_wconf 83' lang='lat' dir='ltr'><strong>blps,</strong></span> <span class='ocrx_word' id='word_1_188' title='bbox 981 1991 1107 2071; x_wconf 89' lang='lat' dir='ltr'><strong>hleleto,</strong></span> 
     </span>
     <span class='ocr_line' id='line_1_23' title="bbox 96 2074 1107 2156; baseline 0.005 -24"><span class='ocrx_word' id='word_1_189' title='bbox 96 2074 274 2151; x_wconf 80' lang='lat' dir='ltr'><strong>Artemone,</strong></span> <span class='ocrx_word' id='word_1_190' title='bbox 299 2075 424 2136; x_wconf 82' lang='lat' dir='ltr'><strong>Sextilio</strong></span> <span class='ocrx_word' id='word_1_191' title='bbox 450 2076 583 2154; x_wconf 82' lang='lat' dir='ltr'><strong>Antaeo,</strong></span> <span class='ocrx_word' id='word_1_192' title='bbox 605 2074 750 2154; x_wconf 89' lang='lat' dir='ltr'><strong>Homero,</strong></span> <span class='ocrx_word' id='word_1_193' title='bbox 778 2075 1001 2156; x_wconf 85' lang='lat' dir='ltr'><strong>Theophrasto,</strong></span> <span class='ocrx_word' id='word_1_194' title='bbox 1023 2075 1107 2151; x_wconf 79' lang='lat' dir='ltr'><strong>hysi-</strong></span> 
     </span>
     <span class='ocr_line' id='line_1_24' title="bbox 94 2157 1106 2241; baseline 0.004 -24"><span class='ocrx_word' id='word_1_195' title='bbox 94 2159 213 2234; x_wconf 83' lang='lat' dir='ltr'><strong>macho,</strong></span> <span class='ocrx_word' id='word_1_196' title='bbox 229 2158 350 2235; x_wconf 89' lang='lat' dir='ltr'><strong>Attalo,</strong></span> <span class='ocrx_word' id='word_1_197' title='bbox 372 2158 558 2238; x_wconf 89' lang='lat' dir='ltr'><strong>Xenocrate,</strong></span> <span class='ocrx_word' id='word_1_198' title='bbox 575 2159 694 2238; x_wconf 85' lang='lat' dir='ltr'><strong>Orpheo</strong></span> <span class='ocrx_word' id='word_1_199' title='bbox 713 2160 760 2238; x_wconf 91' lang='lat' dir='ltr'><strong>qui</strong></span> <span class='ocrx_word' id='word_1_200' title='bbox 777 2157 936 2241; x_wconf 76' lang='grc' dir='ltr'><em>ἰδιοφυῆ,</em></span> <span class='ocrx_word' id='word_1_201' title='bbox 956 2159 1106 2221; x_wconf 82' lang='lat' dir='ltr'><strong>Archelao</strong></span> 
     </span>
     <span class='ocr_line' id='line_1_25' title="bbox 95 2240 1107 2322; baseline 0.003 -21"><span class='ocrx_word' id='word_1_202' title='bbox 95 2242 144 2320; x_wconf 92' lang='lat' dir='ltr'><strong>qui</strong></span> <span class='ocrx_word' id='word_1_203' title='bbox 162 2244 242 2320; x_wconf 91' lang='lat' dir='ltr'><strong>item,</strong></span> <span class='ocrx_word' id='word_1_204' title='bbox 257 2240 419 2320; x_wconf 91' lang='lat' dir='ltr'><strong>Demetrio,</strong></span> <span class='ocrx_word' id='word_1_205' title='bbox 432 2245 541 2320; x_wconf 91' lang='lat' dir='ltr'><strong>Sotira,</strong></span> <span class='ocrx_word' id='word_1_206' title='bbox 556 2242 657 2321; x_wconf 88' lang='lat' dir='ltr'><strong>Laide,</strong></span> <span class='ocrx_word' id='word_1_207' title='bbox 673 2242 878 2322; x_wconf 86' lang='lat' dir='ltr'><strong>Elephantide,</strong></span> <span class='ocrx_word' id='word_1_208' title='bbox 891 2244 993 2322; x_wconf 89' lang='lat' dir='ltr'><strong>Salpe,</strong></span> <span class='ocrx_word' id='word_1_209' title='bbox 1009 2243 1107 2322; x_wconf 76' lang='lat' dir='ltr'><strong>Olym·</strong></span> 
     </span>
     <span class='ocr_line' id='line_1_26' title="bbox 94 2325 1143 2406; baseline 0.004 -20"><span class='ocrx_word' id='word_1_210' title='bbox 94 2327 180 2405; x_wconf 91' lang='lat' dir='ltr'><strong>piade</strong></span> <span class='ocrx_word' id='word_1_211' title='bbox 199 2325 353 2404; x_wconf 85' lang='lat' dir='ltr'><strong>Thebana,</strong></span> <span class='ocrx_word' id='word_1_212' title='bbox 376 2326 504 2388; x_wconf 91' lang='lat' dir='ltr'><strong>Dictimo</strong></span> <span class='ocrx_word' id='word_1_213' title='bbox 520 2326 678 2405; x_wconf 86' lang='lat' dir='ltr'><strong>Thebano,</strong></span> <span class='ocrx_word' id='word_1_214' title='bbox 693 2327 785 2406; x_wconf 91' lang='lat' dir='ltr'><strong>Iolla,</strong></span> <span class='ocrx_word' id='word_1_215' title='bbox 805 2328 940 2406; x_wconf 83' lang='lat' dir='ltr'><strong>Andron,</strong></span> <span class='ocrx_word' id='word_1_216' title='bbox 955 2327 1143 2393; x_wconf 71' lang='lat' dir='ltr'><strong>Marcionem</strong></span> 
     </span>
     <span class='ocr_line' id='line_1_27' title="bbox 94 2409 1108 2491; baseline 0.003 -21"><span class='ocrx_word' id='word_1_217' title='bbox 94 2409 268 2491; x_wconf 78' lang='lat' dir='ltr'><strong>Zmyrnaea,</strong></span> <span class='ocrx_word' id='word_1_218' title='bbox 290 2410 438 2472; x_wconf 88' lang='lat' dir='ltr'><strong>Aeschine</strong></span> <span class='ocrx_word' id='word_1_219' title='bbox 453 2411 579 2488; x_wconf 92' lang='lat' dir='ltr'><strong>medico,</strong></span> <span class='ocrx_word' id='word_1_220' title='bbox 594 2409 786 2490; x_wconf 90' lang='lat' dir='ltr'><strong>Hippocrate,</strong></span> <span class='ocrx_word' id='word_1_221' title='bbox 802 2412 979 2490; x_wconf 89' lang='lat' dir='ltr'><strong>Aristotele,</strong></span> <span class='ocrx_word' id='word_1_222' title='bbox 996 2411 1108 2473; x_wconf 84' lang='lat' dir='ltr'><strong>Metro-</strong></span> 
     </span>
     <span class='ocr_line' id='line_1_28' title="bbox 94 2494 1106 2576; baseline 0.003 -22"><span class='ocrx_word' id='word_1_223' title='bbox 94 2495 167 2555; x_wconf 93' lang='lat' dir='ltr'><strong>doro</strong></span> <span class='ocrx_word' id='word_1_224' title='bbox 178 2495 313 2576; x_wconf 90' lang='lat' dir='ltr'><strong>Scepsio,</strong></span> <span class='ocrx_word' id='word_1_225' title='bbox 324 2496 457 2557; x_wconf 89' lang='lat' dir='ltr'><strong>Hicetida</strong></span> <span class='ocrx_word' id='word_1_226' title='bbox 468 2495 594 2573; x_wconf 90' lang='lat' dir='ltr'><strong>medico,</strong></span> <span class='ocrx_word' id='word_1_227' title='bbox 606 2495 715 2575; x_wconf 89' lang='lat' dir='ltr'><strong>Apelle</strong></span> <span class='ocrx_word' id='word_1_228' title='bbox 727 2495 852 2573; x_wconf 90' lang='lat' dir='ltr'><strong>medico,</strong></span> <span class='ocrx_word' id='word_1_229' title='bbox 869 2494 1012 2574; x_wconf 78' lang='lat' dir='ltr'><strong>hesiodo,</strong></span> <span class='ocrx_word' id='word_1_230' title='bbox 1031 2496 1106 2557; x_wconf 83' lang='lat' dir='ltr'><strong>Rial-</strong></span> 
     </span>
     <span class='ocr_line' id='line_1_29' title="bbox 94 2576 1106 2660; baseline 0.002 -22"><span class='ocrx_word' id='word_1_231' title='bbox 94 2576 1106 2660; x_wconf 71' lang='lat' dir='ltr'><strong>cone,GaecilioBionequiarephdvvdpemv,Anaxilao,luharege.</strong></span> 
     </span>
    </p>

    <p class='ocr_par' dir='ltr' id='par_1_6' title="bbox 88 2661 1142 3508">
     <span class='ocr_line' id='line_1_30' title="bbox 156 2661 1107 2744; baseline 0.006 -24"><span class='ocrx_word' id='word_1_232' title='bbox 156 2661 244 2722; x_wconf 85' lang='lat' dir='ltr'><strong>Libro</strong></span> <span class='ocrx_word' id='word_1_233' title='bbox 260 2662 408 2723; x_wconf 88' lang='lat' dir='ltr'>XXVIIII.</span> <span class='ocrx_word' id='word_1_234' title='bbox 426 2664 613 2723; x_wconf 92' lang='lat' dir='ltr'><strong>continentur</strong></span> <span class='ocrx_word' id='word_1_235' title='bbox 623 2664 784 2724; x_wconf 85' lang='lat' dir='ltr'><strong>medicinae</strong></span> <span class='ocrx_word' id='word_1_236' title='bbox 800 2683 838 2724; x_wconf 83' lang='lat' dir='ltr'><strong>ex</strong></span> <span class='ocrx_word' id='word_1_237' title='bbox 849 2663 1030 2724; x_wconf 85' lang='lat' dir='ltr'><strong>animalibus.</strong></span> <span class='ocrx_word' id='word_1_238' title='bbox 1055 2663 1107 2744; x_wconf 89' lang='grc'><strong>(1)</strong></span> 
     </span>
     <span class='ocr_line' id='line_1_31' title="bbox 93 2744 1142 2828; baseline 0.007 -24"><span class='ocrx_word' id='word_1_239' title='bbox 93 2744 139 2805; x_wconf 84' lang='lat' dir='ltr'><strong>De</strong></span> <span class='ocrx_word' id='word_1_240' title='bbox 156 2747 270 2821; x_wconf 83' lang='lat' dir='ltr'><strong>origiue</strong></span> <span class='ocrx_word' id='word_1_241' title='bbox 289 2746 457 2806; x_wconf 91' lang='lat' dir='ltr'><strong>medicinae.</strong></span> <span class='ocrx_word' id='word_1_242' title='bbox 491 2745 541 2825; x_wconf 88' lang='grc'><strong>(2)</strong></span> <span class='ocrx_word' id='word_1_243' title='bbox 559 2746 605 2806; x_wconf 89' lang='lat' dir='ltr'><strong>De</strong></span> <span class='ocrx_word' id='word_1_244' title='bbox 625 2746 812 2826; x_wconf 88' lang='lat' dir='ltr'><strong>Hippocrate.</strong></span> <span class='ocrx_word' id='word_1_245' title='bbox 846 2745 967 2818; x_wconf 82' lang='lat' dir='ltr'><strong>Quando</strong></span> <span class='ocrx_word' id='word_1_246' title='bbox 984 2750 1142 2828; x_wconf 82' lang='lat' dir='ltr'><strong>primumso</strong></span> 
     </span>
     <span class='ocr_line' id='line_1_32' title="bbox 93 2829 1108 2912; baseline 0.004 -23"><span class='ocrx_word' id='word_1_247' title='bbox 93 2829 213 2906; x_wconf 90' lang='lat' dir='ltr'><strong>clinice,</strong></span> <span class='ocrx_word' id='word_1_248' title='bbox 235 2829 348 2906; x_wconf 91' lang='lat' dir='ltr'><strong>quando</strong></span> <span class='ocrx_word' id='word_1_249' title='bbox 367 2831 488 2907; x_wconf 90' lang='lat' dir='ltr'><strong>primum</strong></span> <span class='ocrx_word' id='word_1_250' title='bbox 508 2830 694 2909; x_wconf 88' lang='lat' dir='ltr'><strong>iatraliptice.</strong></span> <span class='ocrx_word' id='word_1_251' title='bbox 732 2830 782 2911; x_wconf 88' lang='lat'><strong>(3)</strong></span> <span class='ocrx_word' id='word_1_252' title='bbox 803 2832 848 2891; x_wconf 89' lang='lat' dir='ltr'><strong>De</strong></span> <span class='ocrx_word' id='word_1_253' title='bbox 864 2830 1032 2912; x_wconf 76' lang='lat' dir='ltr'><strong>Chrystpo</strong></span> <span class='ocrx_word' id='word_1_254' title='bbox 1047 2851 1108 2893; x_wconf 91' lang='lat' dir='ltr'><strong>me·</strong></span> 
     </span>
     <span class='ocr_line' id='line_1_33' title="bbox 93 2911 1105 2995; baseline 0.004 -22"><span class='ocrx_word' id='word_1_255' title='bbox 93 2914 175 2990; x_wconf 91' lang='lat' dir='ltr'><strong>dico,</strong></span> <span class='ocrx_word' id='word_1_256' title='bbox 197 2912 233 2973; x_wconf 89' lang='lat' dir='ltr'><strong>do</strong></span> <span class='ocrx_word' id='word_1_257' title='bbox 254 2911 442 2973; x_wconf 88' lang='lat' dir='ltr'><strong>Erasistrato.</strong></span> <span class='ocrx_word' id='word_1_258' title='bbox 479 2911 530 2993; x_wconf 87' lang='grc'><strong>(4)</strong></span> <span class='ocrx_word' id='word_1_259' title='bbox 552 2913 597 2975; x_wconf 89' lang='lat' dir='ltr'><strong>De</strong></span> <span class='ocrx_word' id='word_1_260' title='bbox 614 2917 766 2994; x_wconf 90' lang='lat' dir='ltr'><strong>empirice.</strong></span> <span class='ocrx_word' id='word_1_261' title='bbox 800 2914 851 2995; x_wconf 88' lang='lat'><strong>(5)</strong></span> <span class='ocrx_word' id='word_1_262' title='bbox 872 2914 917 2976; x_wconf 91' lang='lat' dir='ltr'><strong>De</strong></span> <span class='ocrx_word' id='word_1_263' title='bbox 933 2915 1105 2995; x_wconf 89' lang='lat' dir='ltr'><strong>Herophilo.</strong></span> 
     </span>
     <span class='ocr_line' id='line_1_34' title="bbox 91 2996 1107 3075; baseline 0.004 -18"><span class='ocrx_word' id='word_1_264' title='bbox 91 2997 136 3059; x_wconf 85' lang='lat' dir='ltr'><strong>De</strong></span> <span class='ocrx_word' id='word_1_265' title='bbox 158 2996 279 3075; x_wconf 92' lang='lat' dir='ltr'><strong>reliquis</strong></span> <span class='ocrx_word' id='word_1_266' title='bbox 304 2997 474 3058; x_wconf 89' lang='lat' dir='ltr'><strong>inlustribus</strong></span> <span class='ocrx_word' id='word_1_267' title='bbox 495 2998 628 3060; x_wconf 90' lang='lat' dir='ltr'><strong>medicis.</strong></span> <span class='ocrx_word' id='word_1_268' title='bbox 674 2997 818 3071; x_wconf 84' lang='lat' dir='ltr'><strong>Quotiens</strong></span> <span class='ocrx_word' id='word_1_269' title='bbox 841 3001 916 3059; x_wconf 90' lang='lat' dir='ltr'><strong>ratio</strong></span> <span class='ocrx_word' id='word_1_270' title='bbox 943 3000 1107 3062; x_wconf 83' lang='lat' dir='ltr'><strong>mediolane</strong></span> 
     </span>
     <span class='ocr_line' id='line_1_35' title="bbox 91 3079 1106 3165; baseline 0.006 -25"><span class='ocrx_word' id='word_1_271' title='bbox 91 3089 198 3141; x_wconf 86' lang='lat' dir='ltr'><strong>mutata</strong></span> <span class='ocrx_word' id='word_1_272' title='bbox 213 3084 261 3143; x_wconf 88' lang='lat' dir='ltr'><strong>sit.</strong></span> <span class='ocrx_word' id='word_1_273' title='bbox 293 3079 344 3160; x_wconf 83' lang='lat'><strong>(6)</strong></span> <span class='ocrx_word' id='word_1_274' title='bbox 364 3079 435 3152; x_wconf 93' lang='lat' dir='ltr'><strong>Quis</strong></span> <span class='ocrx_word' id='word_1_275' title='bbox 452 3085 561 3163; x_wconf 93' lang='lat' dir='ltr'><strong>primus</strong></span> <span class='ocrx_word' id='word_1_276' title='bbox 577 3084 689 3145; x_wconf 89' lang='lat' dir='ltr'><strong>Romae</strong></span> <span class='ocrx_word' id='word_1_277' title='bbox 705 3083 834 3145; x_wconf 80' lang='lat' dir='ltr'><strong>meditus</strong></span> <span class='ocrx_word' id='word_1_278' title='bbox 851 3092 881 3144; x_wconf 91' lang='lat' dir='ltr'><strong>et</strong></span> <span class='ocrx_word' id='word_1_279' title='bbox 897 3085 1022 3161; x_wconf 91' lang='lat' dir='ltr'><strong>quando.</strong></span> <span class='ocrx_word' id='word_1_280' title='bbox 1054 3084 1106 3165; x_wconf 79' lang='lat' dir='ltr'><strong>(I)</strong></span> 
     </span>
     <span class='ocr_line' id='line_1_36' title="bbox 92 3163 1141 3246; baseline 0.006 -22"><span class='ocrx_word' id='word_1_281' title='bbox 92 3163 166 3236; x_wconf 85' lang='lat' dir='ltr'><strong>Quid</strong></span> <span class='ocrx_word' id='word_1_282' title='bbox 184 3165 220 3226; x_wconf 91' lang='lat' dir='ltr'><strong>de</strong></span> <span class='ocrx_word' id='word_1_283' title='bbox 237 3166 357 3226; x_wconf 90' lang='lat' dir='ltr'><strong>medicis</strong></span> <span class='ocrx_word' id='word_1_284' title='bbox 374 3169 497 3246; x_wconf 86' lang='lat' dir='ltr'><strong>antiquis</strong></span> <span class='ocrx_word' id='word_1_285' title='bbox 513 3168 635 3228; x_wconf 86' lang='lat' dir='ltr'><strong>Romani</strong></span> <span class='ocrx_word' id='word_1_286' title='bbox 649 3167 852 3229; x_wconf 86' lang='lat' dir='ltr'><strong>iudicaverint.</strong></span> <span class='ocrx_word' id='word_1_287' title='bbox 884 3166 935 3246; x_wconf 87' lang='lat'><strong>(8)</strong></span> <span class='ocrx_word' id='word_1_288' title='bbox 952 3167 1033 3229; x_wconf 88' lang='lat' dir='ltr'><strong>Vitia</strong></span> <span class='ocrx_word' id='word_1_289' title='bbox 1046 3183 1141 3230; x_wconf 73' lang='lat' dir='ltr'><strong>meos</strong></span> 
     </span>
     <span class='ocr_line' id='line_1_37' title="bbox 91 3248 1107 3332; baseline 0.004 -25"><span class='ocrx_word' id='word_1_290' title='bbox 91 3248 214 3310; x_wconf 88' lang='lat' dir='ltr'><strong>dicinae.</strong></span> <span class='ocrx_word' id='word_1_291' title='bbox 244 3248 294 3329; x_wconf 88' lang='grc'><strong>(9)</strong></span> <span class='ocrx_word' id='word_1_292' title='bbox 310 3249 450 3311; x_wconf 88' lang='lat' dir='ltr'><strong>Remedia</strong></span> <span class='ocrx_word' id='word_1_293' title='bbox 466 3271 503 3311; x_wconf 87' lang='lat' dir='ltr'><strong>ex</strong></span> <span class='ocrx_word' id='word_1_294' title='bbox 518 3253 591 3312; x_wconf 89' lang='lat' dir='ltr'><strong>lanis</strong></span> <span class='ocrx_word' id='word_1_295' title='bbox 606 3251 719 3314; x_wconf 87' lang='lat' dir='ltr'>XXXV</span> <span class='ocrx_word' id='word_1_296' title='bbox 736 3261 766 3313; x_wconf 88' lang='lat' dir='ltr'><strong>et</strong></span> <span class='ocrx_word' id='word_1_297' title='bbox 778 3254 914 3332; x_wconf 89' lang='lat' dir='ltr'><strong>sequenti</strong></span> <span class='ocrx_word' id='word_1_298' title='bbox 930 3251 1009 3313; x_wconf 91' lang='lat' dir='ltr'><strong>libro</strong></span> <span class='ocrx_word' id='word_1_299' title='bbox 1021 3252 1107 3313; x_wconf 87' lang='lat' dir='ltr'><strong>XXV</strong></span> 
     </span>
     <span class='ocr_line' id='line_1_38' title="bbox 88 3331 1107 3417; baseline 0.009 -27"><span class='ocrx_word' id='word_1_300' title='bbox 88 3331 200 3408; x_wconf 87' lang='lat' dir='ltr'>=LX,</span> <span class='ocrx_word' id='word_1_301' title='bbox 232 3333 304 3413; x_wconf 87' lang='lat'>(10)</span> <span class='ocrx_word' id='word_1_302' title='bbox 322 3352 436 3412; x_wconf 77' lang='lat' dir='ltr'><strong>oesypo</strong></span> <span class='ocrx_word' id='word_1_303' title='bbox 452 3334 580 3413; x_wconf 94' lang='lat' dir='ltr'>XXXII,</span> <span class='ocrx_word' id='word_1_304' title='bbox 606 3337 741 3415; x_wconf 91' lang='lat' dir='ltr'><strong>sequenti</strong></span> <span class='ocrx_word' id='word_1_305' title='bbox 757 3336 834 3397; x_wconf 94' lang='lat' dir='ltr'><strong>libro</strong></span> <span class='ocrx_word' id='word_1_306' title='bbox 849 3335 1012 3415; x_wconf 84' lang='lat' dir='ltr'>XX=LII,</span> <span class='ocrx_word' id='word_1_307' title='bbox 1034 3336 1107 3417; x_wconf 92' lang='grc'>(11)</span> 
     </span>
     <span class='ocr_line' id='line_1_39' title="bbox 91 3415 1108 3508; baseline 0.009 -35"><span class='ocrx_word' id='word_1_308' title='bbox 91 3417 155 3474; x_wconf 89' lang='lat' dir='ltr'><strong>ovis</strong></span> <span class='ocrx_word' id='word_1_309' title='bbox 171 3415 270 3495; x_wconf 93' lang='lat' dir='ltr'>XXII,</span> <span class='ocrx_word' id='word_1_310' title='bbox 290 3420 425 3497; x_wconf 87' lang='lat' dir='ltr'><strong>sequenti</strong></span> <span class='ocrx_word' id='word_1_311' title='bbox 446 3418 523 3479; x_wconf 86' lang='lat' dir='ltr'><strong>libro</strong></span> <span class='ocrx_word' id='word_1_312' title='bbox 540 3418 788 3482; x_wconf 84' lang='lat' dir='ltr'>*XIIII=LXV.</span> <span class='ocrx_word' id='word_1_313' title='bbox 826 3418 914 3508; x_wconf 45' lang='lat' dir='ltr'><strong>Quae·</strong></span> <span class='ocrx_word' id='word_1_314' title='bbox 926 3422 1022 3482; x_wconf 87' lang='lat' dir='ltr'><strong>sitista</strong></span> <span class='ocrx_word' id='word_1_315' title='bbox 1040 3439 1108 3499; x_wconf 87' lang='lat' dir='ltr'><strong>ova,</strong></span> 
     </span>
    </p>
   </div>
   <div class='ocr_carea' id='block_1_5' title="bbox 0 0 1204 3856">
    <p class='ocr_par' dir='ltr' id='par_1_7' title="bbox 0 0 1204 3856">
     <span class='ocr_line' id='line_1_40' title="bbox 0 0 1204 3856; baseline 0 0"><span class='ocrx_word' id='word_1_316' title='bbox 0 0 1204 3856; x_wconf 95' lang='lat' dir='ltr'><strong> </strong></span> 
     </span>
    </p>
   </div>
  </div>
 </body>
</html>
