<?xml version="1.0" encoding="UTF-8"?>
<!DOCTYPE html PUBLIC "-//W3C//DTD XHTML 1.0 Transitional//EN"
    "http://www.w3.org/TR/xhtml1/DTD/xhtml1-transitional.dtd">
<html xmlns="http://www.w3.org/1999/xhtml" xml:lang="en" lang="en">
 <head>
  <title>
</title>
<meta http-equiv="Content-Type" content="text/html;charset=utf-8" />
  <meta name='ocr-system' content='tesseract 3.04.00' />
  <meta name='ocr-capabilities' content='ocr_page ocr_carea ocr_par ocr_line ocrx_word'/>
</head>
<body>
  <div class='ocr_page' id='page_1' title='image "./cplinisecundina07plingoog_0185.png"; bbox 0 0 2400 3856; ppageno 0'>
   <div class='ocr_carea' id='block_1_1' title="bbox 108 137 771 218">
    <p class='ocr_par' dir='ltr' id='par_1_1' title="bbox 108 137 771 218">
     <span class='ocr_line' id='line_1_1' title="bbox 108 137 771 218; baseline -0.009 0"><span class='ocrx_word' id='word_1_1' title='bbox 108 151 150 218; x_wconf 82' lang='grc'><strong>98</strong></span> <span class='ocrx_word' id='word_1_2' title='bbox 453 166 485 215; x_wconf 88' lang='lat' dir='ltr'><strong>c.</strong></span> <span class='ocrx_word' id='word_1_3' title='bbox 505 137 601 213; x_wconf 71' lang='lat' dir='ltr'><strong>emur</strong></span> <span class='ocrx_word' id='word_1_4' title='bbox 623 165 771 214; x_wconf 81' lang='lat' dir='ltr'><strong>saeuum</strong></span> 
     </span>
    </p>
   </div>
   <div class='ocr_carea' id='block_1_2' title="bbox 69 319 1138 904">
    <p class='ocr_par' dir='ltr' id='par_1_2' title="bbox 108 319 1138 818">
     <span class='ocr_line' id='line_1_2' title="bbox 109 319 1118 400; baseline -0.003 -18"><span class='ocrx_word' id='word_1_5' title='bbox 109 321 156 382; x_wconf 92' lang='lat' dir='ltr'><strong>diu</strong></span> <span class='ocrx_word' id='word_1_6' title='bbox 172 321 289 399; x_wconf 89' lang='lat' dir='ltr'><strong>saepius</strong></span> <span class='ocrx_word' id='word_1_7' title='bbox 305 338 388 400; x_wconf 90' lang='lat' dir='ltr'><strong>quam</strong></span> <span class='ocrx_word' id='word_1_8' title='bbox 398 329 497 397; x_wconf 89' lang='lat' dir='ltr'><strong>noctu,</strong></span> <span class='ocrx_word' id='word_1_9' title='bbox 514 328 544 380; x_wconf 91' lang='lat' dir='ltr'><strong>et</strong></span> <span class='ocrx_word' id='word_1_10' title='bbox 557 319 647 380; x_wconf 90' lang='lat' dir='ltr'><strong>multo</strong></span> <span class='ocrx_word' id='word_1_11' title='bbox 662 319 789 380; x_wconf 87' lang='lat' dir='ltr'><strong>celerius</strong></span> <span class='ocrx_word' id='word_1_12' title='bbox 802 319 913 379; x_wconf 89' lang='lat' dir='ltr'><strong>resolvi</strong></span> <span class='ocrx_word' id='word_1_13' title='bbox 926 335 1009 397; x_wconf 89' lang='lat' dir='ltr'><strong>quam</strong></span> <span class='ocrx_word' id='word_1_14' title='bbox 1020 320 1118 397; x_wconf 87' lang='lat' dir='ltr'><strong>nives,</strong></span> 
     </span>
     <span class='ocr_line' id='line_1_3' title="bbox 108 403 1115 481; baseline -0.001 -17"><span class='ocrx_word' id='word_1_15' title='bbox 108 404 230 465; x_wconf 83' lang='lat' dir='ltr'><strong>nebulas</strong></span> <span class='ocrx_word' id='word_1_16' title='bbox 245 424 300 464; x_wconf 90' lang='lat' dir='ltr'><strong>uec</strong></span> <span class='ocrx_word' id='word_1_17' title='bbox 315 412 427 465; x_wconf 78' lang='lat' dir='ltr'><strong>aestate</strong></span> <span class='ocrx_word' id='word_1_18' title='bbox 445 423 500 464; x_wconf 92' lang='lat' dir='ltr'><strong>uec</strong></span> <span class='ocrx_word' id='word_1_19' title='bbox 515 404 639 463; x_wconf 87' lang='lat' dir='ltr'><strong>maximo</strong></span> <span class='ocrx_word' id='word_1_20' title='bbox 654 404 766 481; x_wconf 83' lang='lat' dir='ltr'><strong>frigore</strong></span> <span class='ocrx_word' id='word_1_21' title='bbox 800 403 946 481; x_wconf 84' lang='lat' dir='ltr'><strong>existere,</strong></span> <span class='ocrx_word' id='word_1_22' title='bbox 962 420 1048 462; x_wconf 88' lang='lat' dir='ltr'><strong>rores</strong></span> <span class='ocrx_word' id='word_1_23' title='bbox 1065 422 1115 463; x_wconf 91' lang='lat' dir='ltr'><strong>ne·</strong></span> 
     </span>
     <span class='ocr_line' id='line_1_4' title="bbox 109 487 1115 568; baseline 0 -21"><span class='ocrx_word' id='word_1_24' title='bbox 109 506 165 566; x_wconf 91' lang='lat' dir='ltr'><strong>que</strong></span> <span class='ocrx_word' id='word_1_25' title='bbox 176 487 247 565; x_wconf 90' lang='lat' dir='ltr'><strong>gelu</strong></span> <span class='ocrx_word' id='word_1_26' title='bbox 261 507 356 568; x_wconf 88' lang='lat' dir='ltr'><strong>neque</strong></span> <span class='ocrx_word' id='word_1_27' title='bbox 372 488 524 548; x_wconf 92' lang='lat' dir='ltr'><strong>ardoribus</strong></span> <span class='ocrx_word' id='word_1_28' title='bbox 543 505 639 565; x_wconf 90' lang='lat' dir='ltr'><strong>neque</strong></span> <span class='ocrx_word' id='word_1_29' title='bbox 652 488 746 547; x_wconf 90' lang='lat' dir='ltr'><strong>ventis</strong></span> <span class='ocrx_word' id='word_1_30' title='bbox 759 505 813 548; x_wconf 89' lang='lat' dir='ltr'><strong>uec</strong></span> <span class='ocrx_word' id='word_1_31' title='bbox 825 487 880 546; x_wconf 89' lang='lat' dir='ltr'><strong>nisi</strong></span> <span class='ocrx_word' id='word_1_32' title='bbox 895 503 1001 546; x_wconf 89' lang='lat' dir='ltr'><strong>serena</strong></span> <span class='ocrx_word' id='word_1_33' title='bbox 1015 494 1115 563; x_wconf 91' lang='lat' dir='ltr'><strong>nocte,</strong></span> 
     </span>
     <span class='ocr_line' id='line_1_5' title="bbox 108 569 1138 651; baseline -0.002 -19"><span class='ocrx_word' id='word_1_34' title='bbox 108 571 233 650; x_wconf 81' lang='lat' dir='ltr'><strong>gelando</strong></span> <span class='ocrx_word' id='word_1_35' title='bbox 250 572 393 651; x_wconf 82' lang='lat' dir='ltr'><strong>liquorem</strong></span> <span class='ocrx_word' id='word_1_36' title='bbox 409 572 513 649; x_wconf 90' lang='lat' dir='ltr'><strong>minui,</strong></span> <span class='ocrx_word' id='word_1_37' title='bbox 535 570 690 649; x_wconf 90' lang='lat' dir='ltr'><strong>solutaque</strong></span> <span class='ocrx_word' id='word_1_38' title='bbox 707 569 801 648; x_wconf 88' lang='lat' dir='ltr'><strong>glaeie</strong></span> <span class='ocrx_word' id='word_1_39' title='bbox 820 587 879 630; x_wconf 92' lang='lat' dir='ltr'><strong>non</strong></span> <span class='ocrx_word' id='word_1_40' title='bbox 898 570 1021 630; x_wconf 89' lang='lat' dir='ltr'><strong>eundem</strong></span> <span class='ocrx_word' id='word_1_41' title='bbox 1034 571 1138 650; x_wconf 70' lang='lat' dir='ltr'><strong>inve-5</strong></span> 
     </span>
     <span class='ocr_line' id='line_1_6' title="bbox 109 653 1122 732; baseline -0.001 -18"><span class='ocrx_word' id='word_1_42' title='bbox 109 657 164 715; x_wconf 87' lang='lat' dir='ltr'><strong>niri</strong></span> <span class='ocrx_word' id='word_1_43' title='bbox 180 655 304 717; x_wconf 92' lang='lat' dir='ltr'><strong>modum.</strong></span> <span class='ocrx_word' id='word_1_44' title='bbox 332 653 383 718; x_wconf 83' lang='lat'><strong>61.</strong></span> <span class='ocrx_word' id='word_1_45' title='bbox 399 657 556 716; x_wconf 86' lang='lat' dir='ltr'><strong>varietates</strong></span> <span class='ocrx_word' id='word_1_46' title='bbox 571 654 701 715; x_wconf 92' lang='lat' dir='ltr'><strong>colorum</strong></span> <span class='ocrx_word' id='word_1_47' title='bbox 717 655 929 732; x_wconf 82' lang='lat' dir='ltr'><strong>figurarumque</strong></span> <span class='ocrx_word' id='word_1_48' title='bbox 944 655 972 714; x_wconf 88' lang='lat' dir='ltr'><strong>in</strong></span> <span class='ocrx_word' id='word_1_49' title='bbox 990 653 1122 715; x_wconf 87' lang='lat' dir='ltr'><strong>nubibus</strong></span> 
     </span>
     <span class='ocr_line' id='line_1_7' title="bbox 109 740 906 818; baseline -0.005 -19"><span class='ocrx_word' id='word_1_50' title='bbox 109 741 200 816; x_wconf 89' lang='lat' dir='ltr'><strong>cerni,</strong></span> <span class='ocrx_word' id='word_1_51' title='bbox 217 749 304 818; x_wconf 91' lang='lat' dir='ltr'><strong>prout</strong></span> <span class='ocrx_word' id='word_1_52' title='bbox 319 741 460 801; x_wconf 85' lang='lat' dir='ltr'><strong>admixtus</strong></span> <span class='ocrx_word' id='word_1_53' title='bbox 474 741 550 817; x_wconf 87' lang='lat' dir='ltr'><strong>ignis</strong></span> <span class='ocrx_word' id='word_1_54' title='bbox 566 746 687 817; x_wconf 87' lang='lat' dir='ltr'><strong>superet</strong></span> <span class='ocrx_word' id='word_1_55' title='bbox 702 747 751 798; x_wconf 89' lang='lat' dir='ltr'><strong>aut</strong></span> <span class='ocrx_word' id='word_1_56' title='bbox 767 740 906 799; x_wconf 88' lang='lat' dir='ltr'><strong>vincatur.</strong></span> 
     </span>
    </p>

    <p class='ocr_par' dir='ltr' id='par_1_3' title="bbox 69 820 1116 904">
     <span class='ocr_line' id='line_1_8' title="bbox 69 820 1116 904; baseline -0.001 -21"><span class='ocrx_word' id='word_1_57' title='bbox 69 831 118 885; x_wconf 77' lang='lat'><strong>153</strong></span> <span class='ocrx_word' id='word_1_58' title='bbox 174 820 226 885; x_wconf 82' lang='lat'><strong>62.</strong></span> <span class='ocrx_word' id='word_1_59' title='bbox 245 821 327 904; x_wconf 81' lang='grc'>(62.)</span> <span class='ocrx_word' id='word_1_60' title='bbox 343 823 502 884; x_wconf 89' lang='lat' dir='ltr'><strong>Praeterea</strong></span> <span class='ocrx_word' id='word_1_61' title='bbox 519 822 654 901; x_wconf 90' lang='lat' dir='ltr'><strong>quasdam</strong></span> <span class='ocrx_word' id='word_1_62' title='bbox 668 823 868 900; x_wconf 74' lang='lat' dir='ltr'><strong>proprietates</strong></span> <span class='ocrx_word' id='word_1_63' title='bbox 887 821 1057 899; x_wconf 87' lang='lat' dir='ltr'><strong>quibusdam</strong></span> <span class='ocrx_word' id='word_1_64' title='bbox 1074 822 1116 882; x_wconf 92' lang='lat' dir='ltr'><strong>lo·</strong></span> 
     </span>
    </p>
   </div>
   <div class='ocr_carea' id='block_1_3' title="bbox 30 904 1196 3499">
    <p class='ocr_par' dir='ltr' id='par_1_4' title="bbox 108 904 1117 1304">
     <span class='ocr_line' id='line_1_9' title="bbox 110 904 1117 984; baseline -0.002 -18"><span class='ocrx_word' id='word_1_65' title='bbox 110 909 153 967; x_wconf 90' lang='lat' dir='ltr'><strong>cis</strong></span> <span class='ocrx_word' id='word_1_66' title='bbox 169 926 254 984; x_wconf 88' lang='lat' dir='ltr'><strong>esse,</strong></span> <span class='ocrx_word' id='word_1_67' title='bbox 274 908 406 969; x_wconf 85' lang='lat' dir='ltr'><strong>roscidas</strong></span> <span class='ocrx_word' id='word_1_68' title='bbox 423 914 537 968; x_wconf 91' lang='lat' dir='ltr'><strong>aestate</strong></span> <span class='ocrx_word' id='word_1_69' title='bbox 552 906 670 966; x_wconf 83' lang='lat' dir='ltr'><strong>Africae</strong></span> <span class='ocrx_word' id='word_1_70' title='bbox 691 914 805 983; x_wconf 88' lang='lat' dir='ltr'><strong>noctes,</strong></span> <span class='ocrx_word' id='word_1_71' title='bbox 825 907 854 966; x_wconf 95' lang='lat' dir='ltr'><strong>in</strong></span> <span class='ocrx_word' id='word_1_72' title='bbox 870 905 952 965; x_wconf 90' lang='lat' dir='ltr'><strong>ltalia</strong></span> <span class='ocrx_word' id='word_1_73' title='bbox 968 904 1070 965; x_wconf 85' lang='lat' dir='ltr'><strong>haeris</strong></span> <span class='ocrx_word' id='word_1_74' title='bbox 1086 914 1117 966; x_wconf 90' lang='lat' dir='ltr'><strong>et</strong></span> 
     </span>
     <span class='ocr_line' id='line_1_10' title="bbox 108 987 1152 1081; baseline -0.002 -31"><span class='ocrx_word' id='word_1_75' title='bbox 108 991 138 1050; x_wconf 90' lang='lat' dir='ltr'><strong>in</strong></span> <span class='ocrx_word' id='word_1_76' title='bbox 154 990 218 1051; x_wconf 93' lang='lat' dir='ltr'><strong>lacu</strong></span> <span class='ocrx_word' id='word_1_77' title='bbox 233 990 340 1051; x_wconf 89' lang='lat' dir='ltr'><strong>Velino</strong></span> <span class='ocrx_word' id='word_1_78' title='bbox 356 990 436 1050; x_wconf 94' lang='lat' dir='ltr'><strong>nullo</strong></span> <span class='ocrx_word' id='word_1_79' title='bbox 453 1007 511 1050; x_wconf 92' lang='lat' dir='ltr'><strong>non</strong></span> <span class='ocrx_word' id='word_1_80' title='bbox 525 989 573 1050; x_wconf 89' lang='lat' dir='ltr'><strong>die</strong></span> <span class='ocrx_word' id='word_1_81' title='bbox 585 1007 727 1068; x_wconf 89' lang='lat' dir='ltr'><strong>apparere</strong></span> <span class='ocrx_word' id='word_1_82' title='bbox 742 1007 857 1066; x_wconf 85' lang='lat' dir='ltr'><strong>arcuus,</strong></span> <span class='ocrx_word' id='word_1_83' title='bbox 871 987 967 1049; x_wconf 87' lang='lat' dir='ltr'><strong>Rhodi</strong></span> <span class='ocrx_word' id='word_1_84' title='bbox 985 998 1014 1049; x_wconf 91' lang='lat' dir='ltr'><strong>et</strong></span> <span class='ocrx_word' id='word_1_85' title='bbox 1031 989 1152 1081; x_wconf 76' lang='lat' dir='ltr'><strong>Syra·1⁰</strong></span> 
     </span>
     <span class='ocr_line' id='line_1_11' title="bbox 110 1040 1152 1154; baseline -0.002 -21"><span class='ocrx_word' id='word_1_86' title='bbox 110 1076 188 1134; x_wconf 89' lang='lat' dir='ltr'><strong>cusis</strong></span> <span class='ocrx_word' id='word_1_87' title='bbox 209 1092 361 1154; x_wconf 86' lang='lat' dir='ltr'><strong>numquam</strong></span> <span class='ocrx_word' id='word_1_88' title='bbox 381 1082 458 1134; x_wconf 90' lang='lat' dir='ltr'><strong>tanta</strong></span> <span class='ocrx_word' id='word_1_89' title='bbox 478 1074 576 1134; x_wconf 90' lang='lat' dir='ltr'><strong>nubila</strong></span> <span class='ocrx_word' id='word_1_90' title='bbox 598 1073 705 1133; x_wconf 88' lang='lat' dir='ltr'><strong>obduci</strong></span> <span class='ocrx_word' id='word_1_91' title='bbox 731 1082 762 1132; x_wconf 91' lang='lat' dir='ltr'><strong>ut</strong></span> <span class='ocrx_word' id='word_1_92' title='bbox 783 1090 840 1133; x_wconf 93' lang='lat' dir='ltr'><strong>non</strong></span> <span class='ocrx_word' id='word_1_93' title='bbox 862 1070 957 1151; x_wconf 89' lang='lat' dir='ltr'><strong>aliqua</strong></span> <span class='ocrx_word' id='word_1_94' title='bbox 976 1071 1048 1132; x_wconf 87' lang='lat' dir='ltr'><strong>hora</strong></span> <span class='ocrx_word' id='word_1_95' title='bbox 1072 1040 1152 1134; x_wconf 81' lang='lat' dir='ltr'><strong>sol⁰</strong></span> 
     </span>
     <span class='ocr_line' id='line_1_12' title="bbox 109 1154 1117 1236; baseline 0 -19"><span class='ocrx_word' id='word_1_96' title='bbox 109 1167 256 1235; x_wconf 91' lang='lat' dir='ltr'><strong>cernatur,</strong></span> <span class='ocrx_word' id='word_1_97' title='bbox 278 1157 372 1236; x_wconf 90' lang='lat' dir='ltr'><strong>qualia</strong></span> <span class='ocrx_word' id='word_1_98' title='bbox 388 1158 483 1236; x_wconf 90' lang='lat' dir='ltr'><strong>aptius</strong></span> <span class='ocrx_word' id='word_1_99' title='bbox 502 1158 562 1218; x_wconf 86' lang='lat' dir='ltr'><strong>suis</strong></span> <span class='ocrx_word' id='word_1_100' title='bbox 579 1157 745 1219; x_wconf 86' lang='lat' dir='ltr'><strong>referentur</strong></span> <span class='ocrx_word' id='word_1_101' title='bbox 760 1156 845 1218; x_wconf 90' lang='lat' dir='ltr'><strong>locis.</strong></span> <span class='ocrx_word' id='word_1_102' title='bbox 873 1154 952 1217; x_wconf 89' lang='lat' dir='ltr'><strong>llaec</strong></span> <span class='ocrx_word' id='word_1_103' title='bbox 967 1157 1025 1216; x_wconf 92' lang='lat' dir='ltr'><strong>sint</strong></span> <span class='ocrx_word' id='word_1_104' title='bbox 1041 1155 1117 1217; x_wconf 90' lang='lat' dir='ltr'><strong>dicta</strong></span> 
     </span>
     <span class='ocr_line' id='line_1_13' title="bbox 109 1239 242 1304; baseline 0.03 -4"><span class='ocrx_word' id='word_1_105' title='bbox 109 1239 146 1301; x_wconf 88' lang='lat' dir='ltr'><strong>de</strong></span> <span class='ocrx_word' id='word_1_106' title='bbox 161 1258 242 1304; x_wconf 84' lang='lat' dir='ltr'><strong>aere.</strong></span> 
     </span>
    </p>

    <p class='ocr_par' dir='ltr' id='par_1_5' title="bbox 66 1322 1191 2158">
     <span class='ocr_line' id='line_1_14' title="bbox 66 1322 1117 1406; baseline 0.001 -24"><span class='ocrx_word' id='word_1_107' title='bbox 66 1330 117 1383; x_wconf 73' lang='lat' dir='ltr'><strong>lot</strong></span> <span class='ocrx_word' id='word_1_108' title='bbox 173 1322 222 1388; x_wconf 87' lang='lat'><strong>63.</strong></span> <span class='ocrx_word' id='word_1_109' title='bbox 241 1323 326 1406; x_wconf 80' lang='lat'><strong>(63.)</strong></span> <span class='ocrx_word' id='word_1_110' title='bbox 348 1325 485 1405; x_wconf 88' lang='lat' dir='ltr'><strong>Sequitur</strong></span> <span class='ocrx_word' id='word_1_111' title='bbox 500 1335 595 1404; x_wconf 90' lang='lat' dir='ltr'><strong>terra,</strong></span> <span class='ocrx_word' id='word_1_112' title='bbox 618 1328 664 1386; x_wconf 87' lang='lat' dir='ltr'><strong>cui</strong></span> <span class='ocrx_word' id='word_1_113' title='bbox 678 1327 727 1385; x_wconf 92' lang='lat' dir='ltr'><strong>uni</strong></span> <span class='ocrx_word' id='word_1_114' title='bbox 742 1344 839 1386; x_wconf 89' lang='lat' dir='ltr'><strong>rerum</strong></span> <span class='ocrx_word' id='word_1_115' title='bbox 854 1333 975 1387; x_wconf 90' lang='lat' dir='ltr'><strong>naturae</strong></span> <span class='ocrx_word' id='word_1_116' title='bbox 993 1327 1117 1404; x_wconf 88' lang='lat' dir='ltr'><strong>partium</strong></span> 
     </span>
     <span class='ocr_line' id='line_1_15' title="bbox 110 1409 1118 1489; baseline 0 -20"><span class='ocrx_word' id='word_1_117' title='bbox 110 1411 215 1469; x_wconf 86' lang='lat' dir='ltr'><strong>eximia</strong></span> <span class='ocrx_word' id='word_1_118' title='bbox 237 1418 361 1489; x_wconf 91' lang='lat' dir='ltr'><strong>propter</strong></span> <span class='ocrx_word' id='word_1_119' title='bbox 379 1411 482 1470; x_wconf 90' lang='lat' dir='ltr'><strong>merita</strong></span> <span class='ocrx_word' id='word_1_120' title='bbox 503 1428 669 1488; x_wconf 81' lang='lat' dir='ltr'><strong>cognomen</strong></span> <span class='ocrx_word' id='word_1_121' title='bbox 690 1409 842 1469; x_wconf 90' lang='lat' dir='ltr'><strong>indidimus</strong></span> <span class='ocrx_word' id='word_1_122' title='bbox 862 1417 1012 1470; x_wconf 86' lang='lat' dir='ltr'><strong>maternae</strong></span> <span class='ocrx_word' id='word_1_123' title='bbox 1028 1426 1118 1469; x_wconf 88' lang='lat' dir='ltr'><strong>vene-</strong></span> 
     </span>
     <span class='ocr_line' id='line_1_16' title="bbox 109 1493 1152 1572; baseline -0.003 -20"><span class='ocrx_word' id='word_1_124' title='bbox 109 1494 238 1554; x_wconf 88' lang='lat' dir='ltr'><strong>rationis.</strong></span> <span class='ocrx_word' id='word_1_125' title='bbox 275 1496 317 1554; x_wconf 87' lang='lat' dir='ltr'><strong>sic</strong></span> <span class='ocrx_word' id='word_1_126' title='bbox 332 1494 477 1554; x_wconf 89' lang='lat' dir='ltr'><strong>bominum</strong></span> <span class='ocrx_word' id='word_1_127' title='bbox 491 1495 552 1572; x_wconf 89' lang='lat' dir='ltr'><strong>illa,</strong></span> <span class='ocrx_word' id='word_1_128' title='bbox 570 1502 602 1554; x_wconf 91' lang='lat' dir='ltr'><strong>ut</strong></span> <span class='ocrx_word' id='word_1_129' title='bbox 620 1493 732 1555; x_wconf 89' lang='lat' dir='ltr'><strong>caelum</strong></span> <span class='ocrx_word' id='word_1_130' title='bbox 745 1493 809 1570; x_wconf 89' lang='lat' dir='ltr'><strong>dei,</strong></span> <span class='ocrx_word' id='word_1_131' title='bbox 833 1512 908 1572; x_wconf 90' lang='lat' dir='ltr'><strong>quae</strong></span> <span class='ocrx_word' id='word_1_132' title='bbox 925 1510 979 1553; x_wconf 86' lang='lat' dir='ltr'><strong>nos</strong></span> <span class='ocrx_word' id='word_1_133' title='bbox 998 1506 1152 1552; x_wconf 84' lang='lat' dir='ltr'><strong>nascen-ru</strong></span> 
     </span>
     <span class='ocr_line' id='line_1_17' title="bbox 111 1577 1118 1656; baseline 0 -20"><span class='ocrx_word' id='word_1_134' title='bbox 111 1586 156 1638; x_wconf 91' lang='lat' dir='ltr'><strong>tes</strong></span> <span class='ocrx_word' id='word_1_135' title='bbox 176 1579 302 1656; x_wconf 85' lang='lat' dir='ltr'><strong>excipit,</strong></span> <span class='ocrx_word' id='word_1_136' title='bbox 319 1585 403 1639; x_wconf 86' lang='lat' dir='ltr'><strong>natos</strong></span> <span class='ocrx_word' id='word_1_137' title='bbox 418 1578 480 1656; x_wconf 92' lang='lat' dir='ltr'><strong>alit,</strong></span> <span class='ocrx_word' id='word_1_138' title='bbox 497 1578 647 1656; x_wconf 88' lang='lat' dir='ltr'><strong>semelque</strong></span> <span class='ocrx_word' id='word_1_139' title='bbox 664 1577 759 1638; x_wconf 89' lang='lat' dir='ltr'><strong>editos</strong></span> <span class='ocrx_word' id='word_1_140' title='bbox 776 1579 901 1638; x_wconf 90' lang='lat' dir='ltr'><strong>sustinet</strong></span> <span class='ocrx_word' id='word_1_141' title='bbox 918 1594 1047 1655; x_wconf 87' lang='lat' dir='ltr'><strong>semper,</strong></span> <span class='ocrx_word' id='word_1_142' title='bbox 1066 1594 1118 1636; x_wconf 78' lang='lat' dir='ltr'><strong>no-</strong></span> 
     </span>
     <span class='ocr_line' id='line_1_18' title="bbox 110 1661 1118 1740; baseline -0.001 -20"><span class='ocrx_word' id='word_1_143' title='bbox 110 1662 230 1721; x_wconf 87' lang='lat' dir='ltr'><strong>vissime</strong></span> <span class='ocrx_word' id='word_1_144' title='bbox 249 1662 394 1740; x_wconf 81' lang='lat' dir='ltr'><strong>conplexa</strong></span> <span class='ocrx_word' id='word_1_145' title='bbox 408 1663 521 1740; x_wconf 87' lang='lat' dir='ltr'><strong>gremio</strong></span> <span class='ocrx_word' id='word_1_146' title='bbox 540 1665 595 1722; x_wconf 89' lang='lat' dir='ltr'><strong>iam</strong></span> <span class='ocrx_word' id='word_1_147' title='bbox 610 1679 627 1721; x_wconf 91' lang='lat' dir='ltr'><strong>a</strong></span> <span class='ocrx_word' id='word_1_148' title='bbox 641 1661 755 1739; x_wconf 89' lang='lat' dir='ltr'><strong>reliqua</strong></span> <span class='ocrx_word' id='word_1_149' title='bbox 770 1668 873 1721; x_wconf 88' lang='lat' dir='ltr'><strong>natura</strong></span> <span class='ocrx_word' id='word_1_150' title='bbox 890 1661 1040 1721; x_wconf 88' lang='lat' dir='ltr'><strong>abdicatos</strong></span> <span class='ocrx_word' id='word_1_151' title='bbox 1059 1668 1118 1719; x_wconf 90' lang='lat' dir='ltr'><strong>tum</strong></span> 
     </span>
     <span class='ocr_line' id='line_1_19' title="bbox 110 1744 1118 1825; baseline -0.001 -21"><span class='ocrx_word' id='word_1_152' title='bbox 110 1747 233 1805; x_wconf 83' lang='lat' dir='ltr'><strong>maxime</strong></span> <span class='ocrx_word' id='word_1_153' title='bbox 247 1754 279 1804; x_wconf 91' lang='lat' dir='ltr'><strong>ut</strong></span> <span class='ocrx_word' id='word_1_154' title='bbox 299 1754 391 1806; x_wconf 88' lang='lat' dir='ltr'><strong>mater</strong></span> <span class='ocrx_word' id='word_1_155' title='bbox 414 1747 569 1825; x_wconf 91' lang='lat' dir='ltr'><strong>operiens,</strong></span> <span class='ocrx_word' id='word_1_156' title='bbox 592 1744 673 1805; x_wconf 94' lang='lat' dir='ltr'><strong>nullo</strong></span> <span class='ocrx_word' id='word_1_157' title='bbox 690 1745 782 1823; x_wconf 87' lang='lat' dir='ltr'><strong>magis</strong></span> <span class='ocrx_word' id='word_1_158' title='bbox 807 1761 890 1805; x_wconf 90' lang='lat' dir='ltr'><strong>saera</strong></span> <span class='ocrx_word' id='word_1_159' title='bbox 909 1746 1012 1804; x_wconf 89' lang='lat' dir='ltr'><strong>merito</strong></span> <span class='ocrx_word' id='word_1_160' title='bbox 1034 1761 1118 1822; x_wconf 90' lang='lat' dir='ltr'><strong>quam</strong></span> 
     </span>
     <span class='ocr_line' id='line_1_20' title="bbox 111 1828 1117 1908; baseline -0.002 -20"><span class='ocrx_word' id='word_1_161' title='bbox 111 1846 168 1907; x_wconf 94' lang='lat' dir='ltr'><strong>quo</strong></span> <span class='ocrx_word' id='word_1_162' title='bbox 176 1847 230 1889; x_wconf 91' lang='lat' dir='ltr'><strong>nos</strong></span> <span class='ocrx_word' id='word_1_163' title='bbox 239 1847 357 1908; x_wconf 89' lang='lat' dir='ltr'><strong>quoque</strong></span> <span class='ocrx_word' id='word_1_164' title='bbox 369 1847 470 1889; x_wconf 87' lang='lat' dir='ltr'><strong>sacros</strong></span> <span class='ocrx_word' id='word_1_165' title='bbox 481 1830 656 1908; x_wconf 64' lang='lat' dir='ltr'><strong>resitetiam</strong></span> <span class='ocrx_word' id='word_1_166' title='bbox 667 1830 842 1889; x_wconf 86' lang='lat' dir='ltr'><strong>monimenta</strong></span> <span class='ocrx_word' id='word_1_167' title='bbox 853 1846 887 1889; x_wconf 88' lang='lat' dir='ltr'><strong>ac</strong></span> <span class='ocrx_word' id='word_1_168' title='bbox 897 1828 998 1889; x_wconf 88' lang='lat' dir='ltr'><strong>titulos</strong></span> <span class='ocrx_word' id='word_1_169' title='bbox 1009 1845 1117 1906; x_wconf 84' lang='lat' dir='ltr'><strong>gerens</strong></span> 
     </span>
     <span class='ocr_line' id='line_1_21' title="bbox 110 1912 1154 1992; baseline 0.002 -19"><span class='ocrx_word' id='word_1_170' title='bbox 110 1931 274 1991; x_wconf 92' lang='lat' dir='ltr'><strong>nomenque</strong></span> <span class='ocrx_word' id='word_1_171' title='bbox 286 1930 450 1992; x_wconf 78' lang='lat' dir='ltr'><strong>prorogans</strong></span> <span class='ocrx_word' id='word_1_172' title='bbox 467 1922 596 1974; x_wconf 89' lang='lat' dir='ltr'><strong>nostrum</strong></span> <span class='ocrx_word' id='word_1_173' title='bbox 614 1921 643 1973; x_wconf 88' lang='lat' dir='ltr'><strong>et</strong></span> <span class='ocrx_word' id='word_1_174' title='bbox 659 1913 825 1972; x_wconf 88' lang='lat' dir='ltr'><strong>memoriam</strong></span> <span class='ocrx_word' id='word_1_175' title='bbox 840 1912 1002 1972; x_wconf 88' lang='lat' dir='ltr'><strong>extendens</strong></span> <span class='ocrx_word' id='word_1_176' title='bbox 1017 1919 1154 1975; x_wconf 80' lang='lat' dir='ltr'><strong>contram</strong></span> 
     </span>
     <span class='ocr_line' id='line_1_22' title="bbox 110 1995 1191 2074; baseline -0.001 -19"><span class='ocrx_word' id='word_1_177' title='bbox 110 1995 286 2056; x_wconf 87' lang='lat' dir='ltr'><strong>brevitatem</strong></span> <span class='ocrx_word' id='word_1_178' title='bbox 301 1999 383 2072; x_wconf 86' lang='lat' dir='ltr'><strong>aevi,</strong></span> <span class='ocrx_word' id='word_1_179' title='bbox 405 1998 485 2057; x_wconf 89' lang='lat' dir='ltr'><strong>cuius</strong></span> <span class='ocrx_word' id='word_1_180' title='bbox 508 2013 614 2056; x_wconf 92' lang='lat' dir='ltr'><strong>numen</strong></span> <span class='ocrx_word' id='word_1_181' title='bbox 629 1996 758 2055; x_wconf 90' lang='lat' dir='ltr'><strong>ultimum</strong></span> <span class='ocrx_word' id='word_1_182' title='bbox 778 1997 834 2055; x_wconf 90' lang='lat' dir='ltr'><strong>iam</strong></span> <span class='ocrx_word' id='word_1_183' title='bbox 860 1995 946 2056; x_wconf 92' lang='lat' dir='ltr'><strong>nullis</strong></span> <span class='ocrx_word' id='word_1_184' title='bbox 965 2012 1118 2074; x_wconf 89' lang='lat' dir='ltr'><strong>precamur</strong></span> <span class='ocrx_word' id='word_1_185' title='bbox 1188 2060 1191 2066; x_wconf 59' lang='grc'><strong><em>,</em></strong></span> 
     </span>
     <span class='ocr_line' id='line_1_23' title="bbox 112 2078 1118 2158; baseline 0.001 -22"><span class='ocrx_word' id='word_1_186' title='bbox 112 2079 178 2138; x_wconf 88' lang='lat' dir='ltr'><strong>irati</strong></span> <span class='ocrx_word' id='word_1_187' title='bbox 200 2097 302 2158; x_wconf 82' lang='lat' dir='ltr'><strong>grave,</strong></span> <span class='ocrx_word' id='word_1_188' title='bbox 317 2088 458 2158; x_wconf 89' lang='lat' dir='ltr'><strong>tamquam</strong></span> <span class='ocrx_word' id='word_1_189' title='bbox 477 2081 639 2140; x_wconf 87' lang='lat' dir='ltr'><strong>nesciamus</strong></span> <span class='ocrx_word' id='word_1_190' title='bbox 659 2078 732 2139; x_wconf 89' lang='lat' dir='ltr'><strong>hanc</strong></span> <span class='ocrx_word' id='word_1_191' title='bbox 752 2098 821 2139; x_wconf 87' lang='lat' dir='ltr'><strong>esse</strong></span> <span class='ocrx_word' id='word_1_192' title='bbox 837 2078 929 2140; x_wconf 89' lang='lat' dir='ltr'><strong>solam</strong></span> <span class='ocrx_word' id='word_1_193' title='bbox 946 2097 1021 2157; x_wconf 86' lang='lat' dir='ltr'><strong>quaa</strong></span> <span class='ocrx_word' id='word_1_194' title='bbox 1039 2096 1118 2138; x_wconf 92' lang='lat' dir='ltr'><strong>num·</strong></span> 
     </span>
    </p>

    <p class='ocr_par' dir='ltr' id='par_1_6' title="bbox 60 2162 1196 2241">
     <span class='ocr_line' id='line_1_24' title="bbox 60 2162 1196 2241; baseline -0.003 -18"><span class='ocrx_word' id='word_1_195' title='bbox 60 2168 119 2223; x_wconf 74' lang='lat' dir='ltr'><strong>lta</strong></span> <span class='ocrx_word' id='word_1_196' title='bbox 131 2179 215 2240; x_wconf 91' lang='lat' dir='ltr'><strong>quam</strong></span> <span class='ocrx_word' id='word_1_197' title='bbox 229 2163 370 2222; x_wconf 89' lang='lat' dir='ltr'><strong>irascatur</strong></span> <span class='ocrx_word' id='word_1_198' title='bbox 386 2163 504 2225; x_wconf 90' lang='lat' dir='ltr'><strong>homini.</strong></span> <span class='ocrx_word' id='word_1_199' title='bbox 534 2163 638 2241; x_wconf 80' lang='lat' dir='ltr'><strong>Aquae</strong></span> <span class='ocrx_word' id='word_1_200' title='bbox 653 2162 778 2223; x_wconf 87' lang='lat' dir='ltr'><strong>subeunt</strong></span> <span class='ocrx_word' id='word_1_201' title='bbox 791 2165 821 2222; x_wconf 88' lang='lat' dir='ltr'><strong>in</strong></span> <span class='ocrx_word' id='word_1_202' title='bbox 832 2163 952 2239; x_wconf 86' lang='lat' dir='ltr'><strong>imbres,</strong></span> <span class='ocrx_word' id='word_1_203' title='bbox 968 2164 1119 2240; x_wconf 85' lang='lat' dir='ltr'><strong>rigescunt</strong></span> <span class='ocrx_word' id='word_1_204' title='bbox 1192 2194 1196 2199; x_wconf 91' lang='lat'><em>·</em></span> 
     </span>
    </p>

    <p class='ocr_par' dir='ltr' id='par_1_7' title="bbox 30 2245 1153 2660">
     <span class='ocr_line' id='line_1_25' title="bbox 30 2245 1119 2327; baseline 0 -23"><span class='ocrx_word' id='word_1_205' title='bbox 30 2322 34 2327; x_wconf 27' lang='grc' dir='ltr'>Ι</span> <span class='ocrx_word' id='word_1_206' title='bbox 111 2247 141 2305; x_wconf 89' lang='lat' dir='ltr'><strong>in</strong></span> <span class='ocrx_word' id='word_1_207' title='bbox 156 2245 324 2324; x_wconf 56' lang='lat' dir='ltr'><strong>mundinas,</strong></span> <span class='ocrx_word' id='word_1_208' title='bbox 344 2254 506 2307; x_wconf 85' lang='lat' dir='ltr'><strong>tumescunt</strong></span> <span class='ocrx_word' id='word_1_209' title='bbox 521 2248 551 2306; x_wconf 89' lang='lat' dir='ltr'><strong>in</strong></span> <span class='ocrx_word' id='word_1_210' title='bbox 567 2246 700 2324; x_wconf 86' lang='lat' dir='ltr'><strong>ductuus,</strong></span> <span class='ocrx_word' id='word_1_211' title='bbox 716 2247 943 2325; x_wconf 88' lang='lat' dir='ltr'><strong>praecipitantur</strong></span> <span class='ocrx_word' id='word_1_212' title='bbox 961 2247 990 2305; x_wconf 91' lang='lat' dir='ltr'><strong>in</strong></span> <span class='ocrx_word' id='word_1_213' title='bbox 1004 2255 1119 2306; x_wconf 92' lang='lat' dir='ltr'><strong>torren-</strong></span> 
     </span>
     <span class='ocr_line' id='line_1_26' title="bbox 112 2329 1153 2411; baseline 0 -22"><span class='ocrx_word' id='word_1_214' title='bbox 112 2338 169 2390; x_wconf 85' lang='lat' dir='ltr'><strong>tes.</strong></span> <span class='ocrx_word' id='word_1_215' title='bbox 185 2348 237 2390; x_wconf 90' lang='lat' dir='ltr'><strong>aer</strong></span> <span class='ocrx_word' id='word_1_216' title='bbox 248 2329 386 2391; x_wconf 91' lang='lat' dir='ltr'><strong>densatur</strong></span> <span class='ocrx_word' id='word_1_217' title='bbox 396 2330 534 2408; x_wconf 90' lang='lat' dir='ltr'><strong>nubibus,</strong></span> <span class='ocrx_word' id='word_1_218' title='bbox 545 2331 616 2391; x_wconf 81' lang='lat' dir='ltr'><strong>furit</strong></span> <span class='ocrx_word' id='word_1_219' title='bbox 626 2330 776 2411; x_wconf 89' lang='lat' dir='ltr'><strong>procellis.</strong></span> <span class='ocrx_word' id='word_1_220' title='bbox 795 2338 824 2390; x_wconf 91' lang='lat' dir='ltr'><strong>at</strong></span> <span class='ocrx_word' id='word_1_221' title='bbox 834 2330 907 2391; x_wconf 90' lang='lat' dir='ltr'><strong>haee</strong></span> <span class='ocrx_word' id='word_1_222' title='bbox 918 2330 1056 2408; x_wconf 88' lang='lat' dir='ltr'><strong>benigna,</strong></span> <span class='ocrx_word' id='word_1_223' title='bbox 1068 2330 1153 2389; x_wconf 71' lang='lat' dir='ltr'><strong>mbas</strong></span> 
     </span>
     <span class='ocr_line' id='line_1_27' title="bbox 111 2412 1119 2494; baseline -0.001 -21"><span class='ocrx_word' id='word_1_224' title='bbox 111 2415 160 2493; x_wconf 89' lang='lat' dir='ltr'><strong>tis,</strong></span> <span class='ocrx_word' id='word_1_225' title='bbox 174 2412 338 2492; x_wconf 87' lang='lat' dir='ltr'><strong>indulgens,</strong></span> <span class='ocrx_word' id='word_1_226' title='bbox 351 2413 670 2494; x_wconf 88' lang='lat' dir='ltr'><strong>usuusquemortalium</strong></span> <span class='ocrx_word' id='word_1_227' title='bbox 678 2432 797 2492; x_wconf 90' lang='lat' dir='ltr'><strong>semper</strong></span> <span class='ocrx_word' id='word_1_228' title='bbox 807 2413 922 2491; x_wconf 88' lang='lat' dir='ltr'><strong>ancilla,</strong></span> <span class='ocrx_word' id='word_1_229' title='bbox 933 2431 1007 2493; x_wconf 88' lang='lat' dir='ltr'><strong>quaa</strong></span> <span class='ocrx_word' id='word_1_230' title='bbox 1016 2421 1119 2474; x_wconf 85' lang='lat' dir='ltr'><strong>coacta</strong></span> 
     </span>
     <span class='ocr_line' id='line_1_28' title="bbox 111 2498 1118 2577; baseline -0.001 -20"><span class='ocrx_word' id='word_1_231' title='bbox 111 2505 252 2576; x_wconf 88' lang='lat' dir='ltr'><strong>generat,</strong></span> <span class='ocrx_word' id='word_1_232' title='bbox 268 2516 343 2577; x_wconf 91' lang='lat' dir='ltr'><strong>quae</strong></span> <span class='ocrx_word' id='word_1_233' title='bbox 361 2507 468 2577; x_wconf 88' lang='lat' dir='ltr'><strong>sponte</strong></span> <span class='ocrx_word' id='word_1_234' title='bbox 483 2499 592 2577; x_wconf 86' lang='lat' dir='ltr'><strong>fundit,</strong></span> <span class='ocrx_word' id='word_1_235' title='bbox 613 2517 687 2577; x_wconf 92' lang='lat' dir='ltr'><strong>quos</strong></span> <span class='ocrx_word' id='word_1_236' title='bbox 704 2498 811 2559; x_wconf 90' lang='lat' dir='ltr'><strong>odores</strong></span> <span class='ocrx_word' id='word_1_237' title='bbox 828 2515 1028 2576; x_wconf 84' lang='lat' dir='ltr'><strong>superosque,</strong></span> <span class='ocrx_word' id='word_1_238' title='bbox 1045 2514 1118 2574; x_wconf 91' lang='lat' dir='ltr'><strong>quos</strong></span> 
     </span>
     <span class='ocr_line' id='line_1_29' title="bbox 34 2579 1119 2660; baseline 0 -21"><span class='ocrx_word' id='word_1_239' title='bbox 34 2588 38 2593; x_wconf 83' lang='lat'>&#39;</span> <span class='ocrx_word' id='word_1_240' title='bbox 111 2599 216 2657; x_wconf 88' lang='lat' dir='ltr'><strong>sucos,</strong></span> <span class='ocrx_word' id='word_1_241' title='bbox 232 2599 305 2658; x_wconf 91' lang='lat' dir='ltr'><strong>quos</strong></span> <span class='ocrx_word' id='word_1_242' title='bbox 321 2589 444 2642; x_wconf 90' lang='lat' dir='ltr'><strong>tactuus:</strong></span> <span class='ocrx_word' id='word_1_243' title='bbox 460 2600 534 2660; x_wconf 92' lang='lat' dir='ltr'><strong>quos</strong></span> <span class='ocrx_word' id='word_1_244' title='bbox 551 2583 684 2644; x_wconf 87' lang='lat' dir='ltr'><strong>colores!</strong></span> <span class='ocrx_word' id='word_1_245' title='bbox 709 2599 792 2660; x_wconf 88' lang='lat' dir='ltr'><strong>quarn</strong></span> <span class='ocrx_word' id='word_1_246' title='bbox 808 2582 884 2642; x_wconf 91' lang='lat' dir='ltr'><strong>hona</strong></span> <span class='ocrx_word' id='word_1_247' title='bbox 904 2580 960 2641; x_wconf 88' lang='lat' dir='ltr'><strong>lide</strong></span> <span class='ocrx_word' id='word_1_248' title='bbox 977 2579 1119 2640; x_wconf 85' lang='lat' dir='ltr'><strong>creditum</strong></span> 
     </span>
    </p>

    <p class='ocr_par' dir='ltr' id='par_1_8' title="bbox 110 2664 1154 3078">
     <span class='ocr_line' id='line_1_30' title="bbox 110 2664 1119 2743; baseline 0 -20"><span class='ocrx_word' id='word_1_249' title='bbox 110 2665 215 2723; x_wconf 88' lang='lat' dir='ltr'><strong>foenus</strong></span> <span class='ocrx_word' id='word_1_250' title='bbox 233 2664 341 2723; x_wconf 85' lang='lat' dir='ltr'><strong>reddit!</strong></span> <span class='ocrx_word' id='word_1_251' title='bbox 359 2683 432 2742; x_wconf 91' lang='lat' dir='ltr'><strong>quae</strong></span> <span class='ocrx_word' id='word_1_252' title='bbox 448 2674 549 2726; x_wconf 91' lang='lat' dir='ltr'><strong>nostra</strong></span> <span class='ocrx_word' id='word_1_253' title='bbox 563 2684 650 2726; x_wconf 87' lang='lat' dir='ltr'><strong>causa</strong></span> <span class='ocrx_word' id='word_1_254' title='bbox 665 2666 729 2725; x_wconf 88' lang='lat' dir='ltr'><strong>alit!</strong></span> <span class='ocrx_word' id='word_1_255' title='bbox 747 2666 889 2743; x_wconf 81' lang='lat' dir='ltr'><strong>pestifera</strong></span> <span class='ocrx_word' id='word_1_256' title='bbox 903 2666 979 2726; x_wconf 90' lang='lat' dir='ltr'><strong>enim</strong></span> <span class='ocrx_word' id='word_1_257' title='bbox 995 2665 1119 2724; x_wconf 88' lang='lat' dir='ltr'><strong>animan·</strong></span> 
     </span>
     <span class='ocr_line' id='line_1_31' title="bbox 113 2746 1154 2827; baseline 0.001 -22"><span class='ocrx_word' id='word_1_258' title='bbox 113 2748 168 2821; x_wconf 89' lang='lat' dir='ltr'><strong>tia,</strong></span> <span class='ocrx_word' id='word_1_259' title='bbox 189 2746 269 2804; x_wconf 90' lang='lat' dir='ltr'><strong>vitali</strong></span> <span class='ocrx_word' id='word_1_260' title='bbox 291 2748 395 2825; x_wconf 91' lang='lat' dir='ltr'><strong>spiritu</strong></span> <span class='ocrx_word' id='word_1_261' title='bbox 416 2747 543 2808; x_wconf 89' lang='lat' dir='ltr'><strong>habente</strong></span> <span class='ocrx_word' id='word_1_262' title='bbox 562 2748 691 2827; x_wconf 87' lang='lat' dir='ltr'><strong>culpam,</strong></span> <span class='ocrx_word' id='word_1_263' title='bbox 712 2748 755 2807; x_wconf 88' lang='lat' dir='ltr'><strong>illi</strong></span> <span class='ocrx_word' id='word_1_264' title='bbox 773 2767 900 2810; x_wconf 88' lang='lat' dir='ltr'><strong>necesse</strong></span> <span class='ocrx_word' id='word_1_265' title='bbox 917 2756 964 2810; x_wconf 89' lang='lat' dir='ltr'><strong>est</strong></span> <span class='ocrx_word' id='word_1_266' title='bbox 978 2751 1154 2814; x_wconf 70' lang='lat' dir='ltr'><strong>seminatam</strong></span> 
     </span>
     <span class='ocr_line' id='line_1_32' title="bbox 113 2829 1119 2910; baseline 0 -20"><span class='ocrx_word' id='word_1_267' title='bbox 113 2829 252 2907; x_wconf 87' lang='lat' dir='ltr'><strong>excipere</strong></span> <span class='ocrx_word' id='word_1_268' title='bbox 270 2838 300 2889; x_wconf 90' lang='lat' dir='ltr'><strong>et</strong></span> <span class='ocrx_word' id='word_1_269' title='bbox 314 2831 415 2906; x_wconf 90' lang='lat' dir='ltr'><strong>genita</strong></span> <span class='ocrx_word' id='word_1_270' title='bbox 431 2832 592 2909; x_wconf 89' lang='lat' dir='ltr'><strong>sustinere,</strong></span> <span class='ocrx_word' id='word_1_271' title='bbox 613 2830 666 2891; x_wconf 85' lang='lat' dir='ltr'><strong>sed</strong></span> <span class='ocrx_word' id='word_1_272' title='bbox 683 2833 713 2891; x_wconf 92' lang='lat' dir='ltr'><strong>iu</strong></span> <span class='ocrx_word' id='word_1_273' title='bbox 729 2832 810 2893; x_wconf 88' lang='lat' dir='ltr'><strong>malis</strong></span> <span class='ocrx_word' id='word_1_274' title='bbox 826 2833 1027 2910; x_wconf 86' lang='lat' dir='ltr'><strong>generantium</strong></span> <span class='ocrx_word' id='word_1_275' title='bbox 1043 2848 1119 2891; x_wconf 87' lang='lat' dir='ltr'><strong>noxa</strong></span> 
     </span>
     <span class='ocr_line' id='line_1_33' title="bbox 113 2912 1119 2994; baseline 0 -20"><span class='ocrx_word' id='word_1_276' title='bbox 113 2922 167 2974; x_wconf 86' lang='lat' dir='ltr'><strong>est.</strong></span> <span class='ocrx_word' id='word_1_277' title='bbox 188 2912 239 2973; x_wconf 91' lang='lat' dir='ltr'><strong>illa</strong></span> <span class='ocrx_word' id='word_1_278' title='bbox 251 2921 420 2992; x_wconf 85' lang='lat' dir='ltr'><strong>serpentem</strong></span> <span class='ocrx_word' id='word_1_279' title='bbox 433 2915 549 2976; x_wconf 93' lang='lat' dir='ltr'><strong>homine</strong></span> <span class='ocrx_word' id='word_1_280' title='bbox 560 2933 702 2994; x_wconf 88' lang='lat' dir='ltr'><strong>percusso</strong></span> <span class='ocrx_word' id='word_1_281' title='bbox 715 2914 836 2994; x_wconf 88' lang='lat' dir='ltr'><strong>amplius</strong></span> <span class='ocrx_word' id='word_1_282' title='bbox 849 2934 907 2976; x_wconf 94' lang='lat' dir='ltr'><strong>non</strong></span> <span class='ocrx_word' id='word_1_283' title='bbox 919 2917 1035 2994; x_wconf 91' lang='lat' dir='ltr'><strong>recipit,</strong></span> <span class='ocrx_word' id='word_1_284' title='bbox 1048 2932 1119 2993; x_wconf 89' lang='lat' dir='ltr'><strong>poc·</strong></span> 
     </span>
     <span class='ocr_line' id='line_1_34' title="bbox 112 2996 1119 3078; baseline 0.001 -22"><span class='ocrx_word' id='word_1_285' title='bbox 112 2999 458 3075; x_wconf 89' lang='lat' dir='ltr'><strong>nasqueetiaminertium</strong></span> <span class='ocrx_word' id='word_1_286' title='bbox 470 3002 584 3060; x_wconf 87' lang='lat' dir='ltr'><strong>nomine</strong></span> <span class='ocrx_word' id='word_1_287' title='bbox 598 3001 702 3078; x_wconf 84' lang='lat' dir='ltr'><strong>exigit,</strong></span> <span class='ocrx_word' id='word_1_288' title='bbox 713 2998 763 3060; x_wconf 89' lang='lat' dir='ltr'><strong>illa</strong></span> <span class='ocrx_word' id='word_1_289' title='bbox 774 2998 1000 3060; x_wconf 87' lang='lat' dir='ltr'><strong>medicasfundit</strong></span> <span class='ocrx_word' id='word_1_290' title='bbox 1010 2996 1119 3058; x_wconf 89' lang='lat' dir='ltr'><strong>herbas</strong></span> 
     </span>
    </p>

    <p class='ocr_par' dir='ltr' id='par_1_9' title="bbox 68 3080 1154 3499">
     <span class='ocr_line' id='line_1_35' title="bbox 68 3080 1120 3160; baseline 0.003 -23"><span class='ocrx_word' id='word_1_291' title='bbox 68 3086 155 3141; x_wconf 76' lang='lat' dir='ltr'><strong>ltdet</strong></span> <span class='ocrx_word' id='word_1_292' title='bbox 172 3099 289 3160; x_wconf 90' lang='lat' dir='ltr'><strong>semper</strong></span> <span class='ocrx_word' id='word_1_293' title='bbox 302 3081 410 3142; x_wconf 92' lang='lat' dir='ltr'><strong>homini</strong></span> <span class='ocrx_word' id='word_1_294' title='bbox 422 3085 554 3160; x_wconf 88' lang='lat' dir='ltr'><strong>parturit.</strong></span> <span class='ocrx_word' id='word_1_295' title='bbox 582 3080 659 3155; x_wconf 82' lang='lat' dir='ltr'><strong>Quin</strong></span> <span class='ocrx_word' id='word_1_296' title='bbox 680 3092 710 3144; x_wconf 91' lang='lat' dir='ltr'><strong>et</strong></span> <span class='ocrx_word' id='word_1_297' title='bbox 727 3102 839 3144; x_wconf 89' lang='lat' dir='ltr'><strong>venena</strong></span> <span class='ocrx_word' id='word_1_298' title='bbox 853 3085 946 3144; x_wconf 92' lang='lat' dir='ltr'><strong>nostri</strong></span> <span class='ocrx_word' id='word_1_299' title='bbox 959 3084 1120 3143; x_wconf 88' lang='lat' dir='ltr'><strong>miseritam</strong></span> 
     </span>
     <span class='ocr_line' id='line_1_36' title="bbox 111 3165 1154 3245; baseline 0.004 -23"><span class='ocrx_word' id='word_1_300' title='bbox 111 3165 275 3225; x_wconf 87' lang='lat' dir='ltr'><strong>instituisse</strong></span> <span class='ocrx_word' id='word_1_301' title='bbox 293 3165 373 3225; x_wconf 88' lang='lat' dir='ltr'><strong>credi</strong></span> <span class='ocrx_word' id='word_1_302' title='bbox 385 3174 497 3245; x_wconf 91' lang='lat' dir='ltr'><strong>potest,</strong></span> <span class='ocrx_word' id='word_1_303' title='bbox 514 3186 551 3226; x_wconf 90' lang='lat' dir='ltr'><strong>ne</strong></span> <span class='ocrx_word' id='word_1_304' title='bbox 563 3168 593 3226; x_wconf 92' lang='lat' dir='ltr'><strong>in</strong></span> <span class='ocrx_word' id='word_1_305' title='bbox 609 3168 705 3228; x_wconf 91' lang='lat' dir='ltr'><strong>taedio</strong></span> <span class='ocrx_word' id='word_1_306' title='bbox 721 3168 800 3229; x_wconf 86' lang='lat' dir='ltr'><strong>vitae</strong></span> <span class='ocrx_word' id='word_1_307' title='bbox 811 3167 914 3245; x_wconf 81' lang='lat' dir='ltr'><strong>fames,</strong></span> <span class='ocrx_word' id='word_1_308' title='bbox 929 3184 1007 3227; x_wconf 88' lang='lat' dir='ltr'><strong>mors</strong></span> <span class='ocrx_word' id='word_1_309' title='bbox 1020 3174 1154 3226; x_wconf 79' lang='lat' dir='ltr'><strong>terracon</strong></span> 
     </span>
     <span class='ocr_line' id='line_1_37' title="bbox 109 3248 1121 3328; baseline 0.001 -22"><span class='ocrx_word' id='word_1_310' title='bbox 109 3249 222 3307; x_wconf 89' lang='lat' dir='ltr'><strong>meritis</strong></span> <span class='ocrx_word' id='word_1_311' title='bbox 240 3248 415 3310; x_wconf 88' lang='lat' dir='ltr'><strong>alienissima</strong></span> <span class='ocrx_word' id='word_1_312' title='bbox 422 3292 432 3328; x_wconf 92' lang='lat'><strong>,</strong></span> <span class='ocrx_word' id='word_1_313' title='bbox 454 3248 532 3310; x_wconf 87' lang='lat' dir='ltr'><strong>lenta</strong></span> <span class='ocrx_word' id='word_1_314' title='bbox 547 3267 602 3310; x_wconf 85' lang='lat' dir='ltr'><strong>nos</strong></span> <span class='ocrx_word' id='word_1_315' title='bbox 621 3258 808 3311; x_wconf 86' lang='lat' dir='ltr'><strong>consumaret</strong></span> <span class='ocrx_word' id='word_1_316' title='bbox 830 3251 915 3327; x_wconf 89' lang='lat' dir='ltr'><strong>tabe,</strong></span> <span class='ocrx_word' id='word_1_317' title='bbox 940 3269 977 3310; x_wconf 90' lang='lat' dir='ltr'><strong>ne</strong></span> <span class='ocrx_word' id='word_1_318' title='bbox 993 3249 1121 3309; x_wconf 86' lang='lat' dir='ltr'><strong>lacerum</strong></span> 
     </span>
     <span class='ocr_line' id='line_1_38' title="bbox 109 3331 1121 3413; baseline 0.003 -25"><span class='ocrx_word' id='word_1_319' title='bbox 109 3346 216 3409; x_wconf 91' lang='lat' dir='ltr'><strong>corpus</strong></span> <span class='ocrx_word' id='word_1_320' title='bbox 229 3331 350 3411; x_wconf 90' lang='lat' dir='ltr'><strong>abrupta</strong></span> <span class='ocrx_word' id='word_1_321' title='bbox 362 3332 578 3411; x_wconf 83' lang='lat' dir='ltr'><strong>dispergerent,</strong></span> <span class='ocrx_word' id='word_1_322' title='bbox 594 3351 632 3395; x_wconf 82' lang='lat' dir='ltr'><strong>ne</strong></span> <span class='ocrx_word' id='word_1_323' title='bbox 648 3334 745 3412; x_wconf 90' lang='lat' dir='ltr'><strong>laquei</strong></span> <span class='ocrx_word' id='word_1_324' title='bbox 758 3342 911 3412; x_wconf 86' lang='lat' dir='ltr'><strong>torqueret</strong></span> <span class='ocrx_word' id='word_1_325' title='bbox 926 3349 1024 3413; x_wconf 89' lang='lat' dir='ltr'><strong>poena</strong></span> <span class='ocrx_word' id='word_1_326' title='bbox 1035 3350 1121 3410; x_wconf 87' lang='lat' dir='ltr'><strong>prae·</strong></span> 
     </span>
     <span class='ocr_line' id='line_1_39' title="bbox 109 3414 1120 3499; baseline 0 -25"><span class='ocrx_word' id='word_1_327' title='bbox 109 3422 231 3492; x_wconf 89' lang='lat' dir='ltr'><strong>postera</strong></span> <span class='ocrx_word' id='word_1_328' title='bbox 243 3416 357 3480; x_wconf 86' lang='lat' dir='ltr'><strong>incluso</strong></span> <span class='ocrx_word' id='word_1_329' title='bbox 373 3418 478 3499; x_wconf 88' lang='lat' dir='ltr'><strong>spiritu</strong></span> <span class='ocrx_word' id='word_1_330' title='bbox 492 3419 538 3477; x_wconf 91' lang='lat' dir='ltr'><strong>cui</strong></span> <span class='ocrx_word' id='word_1_331' title='bbox 552 3425 745 3496; x_wconf 89' lang='lat' dir='ltr'><strong>quaereretur</strong></span> <span class='ocrx_word' id='word_1_332' title='bbox 757 3418 866 3495; x_wconf 83' lang='lat' dir='ltr'><strong>exitus,</strong></span> <span class='ocrx_word' id='word_1_333' title='bbox 881 3435 919 3478; x_wconf 89' lang='lat' dir='ltr'><strong>ne</strong></span> <span class='ocrx_word' id='word_1_334' title='bbox 933 3419 964 3477; x_wconf 89' lang='lat' dir='ltr'><strong>in</strong></span> <span class='ocrx_word' id='word_1_335' title='bbox 975 3414 1120 3497; x_wconf 82' lang='lat' dir='ltr'><strong>profonda</strong></span> 
     </span>
    </p>
   </div>
   <div class='ocr_carea' id='block_1_4' title="bbox 0 0 1206 3856">
    <p class='ocr_par' dir='ltr' id='par_1_10' title="bbox 0 0 1206 3856">
     <span class='ocr_line' id='line_1_40' title="bbox 0 0 1206 3856; baseline 0 0"><span class='ocrx_word' id='word_1_336' title='bbox 0 0 1206 3856; x_wconf 95' lang='lat' dir='ltr'><strong> </strong></span> 
     </span>
    </p>
   </div>
  </div>
 </body>
</html>
