2400 3856
109 159 174 231 234
460 172 490 221 c.
509 173 604 220 sunu
625 172 774 220 securum

111 347 239 392 mensum
256 336 390 407 tempore
410 327 526 387 inbutus
544 327 681 405 adloquio
698 325 888 405 percontandi
906 335 1013 406 postea
1027 345 1126 389 narra·

58 426 94 479 8⁶
111 416 163 473 vit.
194 411 343 473 Romanos
354 421 384 472 et
398 410 554 472 Gaesarem
564 412 666 470 mirum
676 411 706 469 in
724 409 837 471 modum
853 411 998 471 inauditos
1013 413 1126 473 iustitia

110 497 162 557 illc
181 498 332 575 suspexit,
351 496 428 575 quod
451 513 538 574 pares
561 493 693 573 pondere
714 495 826 554 denarii
844 503 945 555 essent
964 497 996 554 in
1010 498 1126 575 captiva

111 582 252 661 pecunia,
269 598 332 640 cum
354 580 490 640 diversae
505 580 646 657 imagines
662 578 822 640 indicarent
837 596 853 638 a
867 577 1000 656 pluribus
1019 579 1124 640 iactos.

111 673 142 726 et
163 665 221 726 boc
240 666 363 725 maxime
390 663 563 724 sollicitatus
584 661 619 723 ad
648 663 800 723 amicitiam
824 662 940 739 legatos
965 662 1024 723 llll
1045 664 1154 724 misits

110 751 243 829 principe
259 766 360 810 eorum
376 746 493 808 Rachia.
522 765 560 808 ex
574 746 619 806 bis
634 746 817 823 cognitumD
833 765 902 806 esse
919 747 1039 826 oppida,
1056 765 1125 827 por·

110 842 169 893 tum
184 842 285 894 contra
300 833 449 894 meridiem
461 831 623 910 adpositum
636 830 744 909 oppido
756 829 979 891 Palaesimundo
996 832 1124 893 omnium

55 924 93 978 dd
110 916 151 976 ibi
167 917 328 977 clarissimo
345 936 378 978 ac
393 918 494 994 regiae
508 912 597 974 coti
612 914 716 993 plebis.
746 923 879 992 stagnum
894 915 971 974 intus
986 913 1124 993 Megisba

111 998 293 1061 ccclxxv
307 1000 337 1060 bl
353 1018 488 1080 passuum
501 999 624 1072 ambitu,
642 997 750 1058 insulas
767 997 864 1077 pabuli
882 1006 990 1059 tantum
1005 998 1123 1060 fertiles

109 1084 292 1163 conplexum.
335 1100 433 1145 exeo
456 1081 530 1142 duos
553 1099 652 1141 amnes
673 1100 844 1161 erumpere,
872 1080 1124 1143 Palaesimundum
1135 1097 1157 1139 ro

109 1170 188 1227 iuxta
209 1168 345 1245 oppidum
369 1165 499 1227 eiusdem
518 1167 643 1225 nominis
664 1165 831 1227 induentem
846 1167 1007 1244 importum
1024 1165 1067 1227 lll
1084 1166 1123 1227 al·

108 1253 189 1324 veis,
216 1249 244 1309 V
267 1251 423 1310 stadiorum
446 1251 610 1326 artissimo,
637 1248 693 1310 XV
714 1249 908 1329 amplissimo,
935 1249 1061 1310 alterum
1087 1250 1123 1311 ad

109 1334 329 1412 septentriones
347 1333 513 1412 indiamque
527 1351 655 1408 versum,
672 1332 783 1411 Cydara
800 1335 924 1394 nomine.
956 1336 1124 1412 proximum

109 1436 178 1478 esse
192 1416 292 1478 lndiae
307 1419 535 1497 promunturium
559 1418 774 1495 quod,vocetur
789 1414 954 1494 Coliacum,
975 1418 1122 1496 quatridui

53 1508 90 1561 87
109 1503 312 1580 navigatione,
333 1502 429 1564 medio
451 1504 480 1561 in
503 1520 589 1562 cursu
611 1502 687 1563 Solis
711 1500 804 1561 insula
827 1509 1010 1562 occurrente.
1041 1519 1122 1562 mare
1136 1516 1157 1559 n

107 1586 136 1647 id
156 1586 259 1647 colore
281 1586 440 1665 perviridi‚
467 1595 622 1664 praeterea
645 1587 816 1646 fruticosum
839 1584 1012 1660 arboribus,
1036 1585 1121 1647 iubas

107 1688 206 1729 aarum
218 1669 424 1746 gubernaculis
436 1669 645 1730 deterentibus.
678 1669 904 1748 Septentriones
919 1668 1121 1748 vergiliasque

107 1752 182 1831 apud
202 1771 257 1812 nos
279 1753 368 1815 veluti
393 1771 470 1813 novo
493 1752 577 1813 caelo
606 1753 800 1830 mirabantur,
825 1771 862 1815 ne
886 1753 981 1813 lunam
1003 1752 1121 1831 quidem

107 1835 181 1915 apud
201 1838 282 1915 ipsos
301 1840 356 1897 nisi
379 1838 414 1897 ab
436 1845 538 1897 octava
557 1839 586 1897 in
605 1836 686 1897 XVl.
709 1854 796 1915 supra
819 1845 926 1897 terram
946 1836 1059 1916 adspici
1079 1837 1121 1898 ia·

106 1924 221 1998 tentes,
242 1919 391 2000 Canopum
413 1922 514 1982 lucere
538 1921 690 1999 noctibus,
716 1921 795 1982 sidus
817 1922 922 1999 ingens
945 1929 977 1981 et
998 1920 1118 1981 clarum.
1132 1936 1155 1977 ao

106 2004 159 2066 sed
177 2007 299 2066 maxime
321 2008 422 2065 mirum
443 2007 479 2065 iis
502 2013 567 2066 erat
590 2004 705 2065 umbras
728 2022 795 2065 suas
811 2007 841 2065 in
861 2013 991 2065 nostrum
1006 2003 1120 2065 caelum

106 2086 231 2162 cadere,
253 2105 311 2148 non
333 2091 362 2148 in
376 2107 475 2165 suum,
496 2088 648 2166 solemque
669 2106 685 2148 a
706 2088 789 2149 laeva
806 2090 876 2149 oriri
893 2097 924 2149 ct
939 2090 970 2147 in
986 2087 1120 2149 dextram

51 2176 89 2231 88
106 2171 242 2230 occidere
264 2173 362 2249 potius
383 2189 466 2249 qnam
487 2190 504 2232 e
525 2171 654 2231 diverso.
693 2172 783 2234 lidem
801 2190 958 2233 narravere
980 2171 1056 2231 latus
1075 2173 1119 2231 in·

106 2253 187 2314 sulae
210 2253 288 2332 quod
304 2254 548 2333 praetenderetur
563 2254 663 2315 lndiac
683 2254 754 2316 xli
769 2255 841 2317 stad.
865 2273 934 2317 esse
949 2255 986 2317 ab
1003 2257 1118 2317 oriente

104 2337 239 2397 biberno.
278 2339 352 2399 ultra
372 2347 485 2399 montes
502 2338 649 2399 Hemodos
671 2340 758 2400 Seras
783 2358 899 2418 quoque
922 2338 958 2399 ab
981 2340 1055 2416 ipsis
1071 2338 1153 2400 adas

105 2423 178 2500 spici
194 2430 281 2489 notos
298 2425 385 2484 etiam
398 2426 592 2500 commercio,
608 2433 720 2502 patrem
729 2423 858 2484 Rachiae
875 2440 1050 2483 commeasse
1068 2440 1117 2499 eo,

104 2505 225 2566 advenis
242 2507 282 2566 ibi
298 2506 386 2568 Seras
405 2525 572 2568 occursare.
610 2510 693 2585 ipsos
713 2524 786 2567 vero
803 2507 949 2567 excedere
970 2506 1119 2566 bominum

102 2591 338 2667 magnitudinem,
354 2591 448 2651 rutilis
466 2593 568 2668 comiS,
586 2591 730 2651 caeruleis
746 2591 848 2668 oculis,
864 2593 924 2650 oris
939 2607 1014 2650 sono
1030 2591 1116 2665 truci,

103 2671 182 2731 nullo
199 2676 375 2734 commercio
390 2675 519 2752 linguae.
549 2685 648 2735 cetera
664 2675 765 2736 eadem
781 2693 855 2753 quae
873 2675 965 2733 nostri
982 2676 1116 2751 negotia·

102 2763 195 2815 tores.
230 2754 354 2817 fluminis
378 2758 521 2818 ulteriore
544 2761 606 2837 ripa
627 2777 742 2819 merces
767 2761 878 2837 positas
899 2760 980 2818 iuxta
1002 2757 1152 2817 venaliaao

103 2837 167 2898 tolli
182 2839 219 2898 ab
238 2838 299 2916 his,
321 2841 346 2899 si
367 2841 480 2919 placeat
498 2843 689 2919 permutatio,
710 2860 768 2903 nou
791 2842 878 2903 aliter
895 2840 964 2902 odio
990 2842 1116 2901 iustiore

102 2921 236 2983 luxuriae
255 2941 339 3002 quam
363 2924 542 3002 si'perducta
564 2944 646 2986 meus
667 2924 736 2986 illuc
752 2944 844 3004 usque
862 2927 977 3003 cogitet
992 2924 1064 3004 quid
1085 2933 1116 2985 et

51 3010 86 3066 89
103 3024 160 3083 quo
177 3016 294 3086 petatur
311 3017 341 3069 et
363 3026 464 3088 quare.
497 3008 556 3070 Sed
577 3028 614 3070 ne
634 3008 807 3088 Taprobane
831 3009 962 3087 quidem,
982 3010 1115 3088 quamvis

103 3099 187 3151 extra
207 3091 309 3152 orbem
331 3102 464 3153 anatnra
487 3092 636 3171 relegata,
662 3094 770 3153 nostris
786 3095 866 3153 vitiis
882 3100 973 3154 caret.
1014 3110 1116 3153 aurum

102 3184 312 3254 argentumque
325 3185 355 3236 et
371 3176 411 3236 ibi
425 3177 454 3236 in
467 3178 573 3254 pretio.
603 3194 728 3237 marmor
743 3176 896 3237 testudinis
911 3175 1023 3252 simile,
1040 3193 1115 3236 mar·
1127 3189 1151 3233 ao

100 3260 213 3334 garitae
228 3277 419 3339 gemmaeque
431 3261 461 3320 in
477 3259 589 3321 bonore
604 3260 713 3337 multo,
728 3261 960 3339 praestantiores
975 3268 1007 3320 et
1021 3262 1114 3321 totius

100 3339 232 3402 luxuriae
256 3351 375 3404 nostrae
398 3343 537 3405 cumulus.
575 3343 710 3422 Ipsorum
734 3362 807 3422 opes
830 3345 956 3405 maiores
978 3361 1049 3404 esse
1073 3342 1114 3405 di·

100 3423 221 3503 cebant,
238 3426 291 3488 sed
306 3427 381 3507 apud
396 3445 450 3489 nos
466 3428 635 3508 opulentiae
648 3429 787 3490 maiorem
802 3445 893 3488 usum.
924 3444 1043 3488 servom
1062 3445 1115 3489 ue·
