2400 3856
122 162 180 222 110
512 173 607 219 eurnr
623 172 773 239 securior

118 329 240 405 recepti.
282 323 422 386 Maximus
443 333 540 384 terrae
564 327 704 385 memoria
724 326 886 386 mortalium
902 328 1012 386 exstitit
1026 338 1123 390 motus

119 411 216 471 Tiberi
230 407 364 469 Caesaris
380 409 553 488 principatu,
568 407 624 468 XII
638 409 756 468 urbibus
772 407 862 469 Asiae
878 427 934 469 una
949 419 1037 470 nocte
1053 429 1122 489 pro-

119 495 224 566 stratis,
239 493 433 553 creberrimus
442 492 549 552 Punico
562 491 641 552 bello
654 493 727 553 intra
740 492 863 552 eundem
875 511 978 554 annum
991 496 1123 573 septiens

118 595 153 638 ac
172 578 381 656 quinquagiens
399 576 540 635 nuntiatus
555 575 685 653 Romam,
703 593 760 654 quo
775 576 891 654 quidem
907 595 980 637 enno
999 578 1036 638 ad
1052 578 1122 640 Tra-

118 664 256 721 simenum
281 661 373 721 lacum
396 660 564 720 dimicantes
598 661 749 720 maximum
776 669 882 721 motum
910 680 1005 740 neque
1028 659 1147 722 Poenis

119 762 240 805 sensere
257 762 314 803 nee
329 744 459 804 Romani.
491 742 555 802 Nec
576 760 648 804 vero
673 744 797 823 simplex
818 745 922 805 malum
946 756 993 805 eut
1011 748 1039 807 in
1057 746 1137 825 ipso.

118 838 225 888 tantum
240 836 318 888 motu
333 828 494 906 periculum
511 835 565 902 est,
587 827 641 887 sed
655 845 709 905 par
725 837 772 888 aut
787 829 877 889 maius
893 837 1020 888 ostento.
1045 847 1123 889 num·

119 930 202 992 quam
224 911 294 971 urbs
316 911 407 971 Roma
433 911 560 986 tremuit,
586 919 616 970 ut
637 910 1076 974 noniuturicventuusalicuius
1094 913 1124 973 id

118 996 314 1074 praenuntium
331 1003 421 1054 esset.

74 1091 126 1144 ίιοι
192 1076 241 1137 85.
267 1075 351 1155 (87.)
373 1075 485 1135 Eadem
508 1076 686 1135 nascentium
702 1094 789 1137 causa
804 1086 946 1138 terrerum
964 1087 1028 1154 est,
1059 1097 1159 1143 cumae

117 1161 194 1221 idem
209 1160 260 1219 ille
277 1160 394 1237 spiritus
410 1158 570 1219 attollendo
586 1168 692 1237 potens
708 1159 773 1218 solo
786 1177 844 1220 non
854 1160 943 1221 valuit
956 1179 1123 1240 erumpere.

115 1248 271 1306 nascuntur
298 1244 389 1316 enim,
406 1260 461 1302 nec
477 1241 621 1302 huminum
635 1250 742 1302 tantum
758 1244 889 1318 invectu,
906 1247 980 1305 sicut
997 1243 1124 1307 Echina-

119 1326 170 1387 des
187 1327 298 1387 insulae
321 1326 356 1386 ab
375 1325 509 1386 Acheloo
534 1345 615 1386 amne
634 1335 792 1405 congestae
811 1328 961 1408 maiorque
978 1346 1047 1407 pars
1063 1328 1123 1389 Aa·

117 1411 199 1488 gypti
221 1408 320 1470 aNilo
337 1411 366 1469 iu
388 1428 473 1488 quam
495 1429 512 1471 a
534 1409 627 1470 Pharo
651 1411 744 1471 insula
769 1412 863 1471 nectis
879 1421 908 1472 et
931 1411 988 1472 diei
1007 1429 1123 1472 cursum

118 1495 209 1554 luisse
227 1492 356 1553 Homero
374 1494 535 1570 credimus,
552 1512 609 1554 nec
624 1512 746 1554 recessu
760 1495 858 1570 maris,
878 1495 951 1555 sicut
966 1495 1043 1556 idem
1061 1493 1122 1555 Cir·
1133 1514 1159 1556 rs

119 1579 199 1654 ceis,
229 1577 307 1656 quod
329 1578 472 1637 accidisse
499 1586 528 1636 et
552 1579 580 1637 in
597 1577 772 1639 Ambraciae
789 1586 874 1656 portu
896 1578 1001 1639 decem
1015 1579 1123 1639 milium

118 1679 253 1740 passuum
273 1662 426 1721 intervallo
449 1670 477 1720 et
498 1659 716 1721 Atheniensium
737 1662 863 1740 quinque
891 1663 998 1723 milium
1020 1661 1057 1722 ad
1078 1663 1122 1722 Pi·

117 1762 236 1805 raeeum
258 1754 448 1820 memoratur,
474 1754 502 1805 et
518 1744 630 1824 Ephesi
653 1744 702 1804 ubi
727 1745 869 1823 quondam
889 1745 993 1806 aedem
1010 1745 1122 1806 Dianae

118 1828 262 1888 adluebat.
293 1827 445 1889 Herodoto
474 1829 588 1907 quidem
616 1831 639 1888 si
664 1829 825 1904 credimus,
853 1846 932 1890 mare
959 1830 1011 1889 luit
1034 1847 1122 1908 supra

117 1910 271 1990 Memphim
286 1930 378 1991 usque
395 1912 430 1972 ad
445 1911 620 1992 Aethiopum
632 1921 758 1987 montes,
765 1914 892 1991 itemque
908 1932 925 1974 a
939 1913 1033 1992 planis
1047 1912 1121 1974 Ara·
1131 1937 1158 1980 eo

117 1994 200 2069 biae,
223 2014 301 2055 mare
325 1997 403 2055 circa
425 1994 507 2055 llium
530 2007 559 2056 et
580 2006 640 2056 tota
665 1996 840 2056 Teuthranie
861 2014 975 2076 quaque
1000 2012 1120 2074 campos

116 2078 242 2138 intulerit
257 2077 424 2138 Maeander.

74 2169 126 2223 202
190 2159 239 2222 86.
259 2160 342 2239 (88.)
364 2160 526 2220 Nascuntur
548 2170 578 2221 et
603 2162 659 2222 alio
681 2162 767 2222 modo
790 2170 886 2223 terrae
902 2181 938 2223 ae
953 2172 1077 2243 repente
1093 2165 1121 2223 in

118 2243 214 2323 aliquo
230 2246 302 2305 mari
316 2254 466 2322 emergunt
481 2245 560 2305 velut
574 2246 655 2324 paria
666 2264 765 2306 secum
780 2245 906 2307 iaciente
916 2256 1016 2307 natura
1029 2265 1120 2328 quae·

118 2346 174 2407 que
189 2328 316 2389 hauserit
331 2329 424 2390 hiatus
441 2329 498 2389 alio
515 2329 582 2389 loco
598 2330 749 2390 reddente.
1130 2352 1156 2395 aa

181 2410 231 2473 87.
256 2412 339 2492 (89.)
364 2410 469 2473 Clarae
494 2414 549 2474 iam
567 2414 679 2493 pridem
701 2414 812 2474 insulae
834 2413 926 2474 Delos
949 2423 977 2474 et
999 2413 1121 2475 Rhodos

116 2498 274 2558 memoriae
300 2498 457 2576 produntur
484 2507 596 2576 enatae,
629 2507 733 2578 postea
756 2499 899 2574 minores,
925 2498 999 2558 ultra
1021 2496 1121 2558 Helen

113 2577 249 2657 Anaphe,
261 2581 338 2640 inter
349 2580 485 2642 Lemnum
497 2591 527 2642 et
539 2582 760 2662 Hellespontum
773 2580 867 2657 Neae,
885 2582 962 2639 inter
972 2577 1121 2640 Lebedum

114 2668 145 2720 et
162 2660 244 2722 Teon
257 2661 387 2738 Halone,
402 2666 480 2725 inter
499 2662 638 2742 Cycladas
655 2666 738 2742 Olym
760 2665 832 2726 iadis
849 2661 1023 2725 CXXXXV.
1045 2677 1121 2722 anno

118 2748 219 2814 quarto
236 2738 331 2798 Thera
352 2749 381 2798 et
402 2740 557 2817 Therasia,
582 2744 657 2801 inter
678 2683 796 2802 caschem
816 2752 883 2821 post
905 2759 996 2804 annos
1013 2740 1154 2804 CXXXtt
1175 2757 1178 2763 ’

116 2818 203 2880 Hiera
220 2820 380 2900 eademque
393 2822 559 2899 Automate,
576 2833 605 2884 et
619 2824 655 2884 ab
669 2841 703 2884 ea
715 2826 827 2886 duobus
839 2827 938 2887 stadiis
950 2835 1018 2904 post
1028 2843 1120 2888 annes

118 2900 169 2965 CX
184 2907 327 2964 innostro
343 2922 417 2965 aevo
432 2905 470 2967 Μ.
489 2906 570 2967 lunio
586 2908 684 2968 Silano
702 2908 732 2967 L.
749 2908 841 2970 Balbo
857 2927 934 2971 coss.
952 2928 978 2970 a.
995 2909 1023 2970 d.
1039 2908 1117 2970 VHl.

115 2992 196 3053 iduus
212 2992 299 3052 iulias
319 2990 397 3051 Thia.

74 3078 127 3132 203
191 3071 240 3136 88.
256 3075 332 3132 Ante
349 3089 404 3132 nos
419 3082 447 3132 et
463 3073 539 3133 iuxta
554 3073 664 3135 ltaliam
680 3076 754 3136 inter
769 3075 891 3137 Aeolias
906 3074 1033 3150 insulas,
1050 3074 1117 3134 item

117 3157 195 3217 iuxta
212 3155 327 3216 Cretam
353 3158 470 3217 emersit
486 3155 570 3216 timu
594 3178 729 3237 passuum
749 3179 804 3220 una
827 3178 890 3219 cum
914 3159 1016 3219 calidis
1031 3156 1115 3217 lonti-
1127 3170 1152 3213 ae

116 3239 187 3316 bus,
214 3240 304 3300 altera
325 3239 502 3320 Olympiadis
519 3239 641 3302 ctx111.
669 3260 742 3302 anno
759 3244 844 3304 tertio
868 3245 897 3302 in
920 3240 1016 3302 Tusco
1042 3244 1115 3316 sinu,

115 3321 243 3401 flagrans
258 3323 332 3384 haec
346 3325 475 3386 violento
492 3343 556 3384 cum
572 3325 648 3401 flatu,
680 3328 868 3406 proditurque
886 3327 1043 3386 memoriae
1058 3342 1116 3385 ma·

13 3434 17 3439 ·
62 3460 72 3471 ,,
90 3442 96 3449 -
115 3422 173 3487 qua
189 3408 267 3467 circa
288 3425 352 3468 cam
374 3409 552 3469 multitudine
569 3411 690 3486 piscium
706 3410 833 3470 lluitante
851 3410 1003 3470 confestim
1019 3407 1116 3486 exspi-

94 3472 106 3495 ιἸ
115 3486 125 3507 ΙΙ

61 3482 183 3608 Η..

226 3620 232 3633 Ι
