2400 3856
141 148 184 215 38
487 163 518 213 0.
540 165 636 211 rurru
660 163 808 211 suounor

143 319 303 380 medicinae
316 321 450 398 sequenti
465 319 542 380 libro
559 315 624 397 (29.
640 315 697 397 30)
712 318 853 378 dicentur.
886 314 958 396 (61)
974 316 1155 395 spicatarum

143 421 262 480 genera.
297 411 454 480 stanyops,
472 403 666 479 alopecuros,
691 400 878 480 stelephuros
900 403 963 461 sire
982 410 1071 477 ortyx
1089 401 1154 460 sire

143 487 299 565 plantago,
315 486 457 562 thryallis.
491 483 564 565 (62)
578 485 748 562 perdicium,
765 483 959 560 ornithogale.
992 482 1065 563 (63)
1083 484 1157 545 Post

144 588 247 629 aunum
267 578 432 631 nascentes.
465 589 481 629 a
502 587 612 629 summo
636 568 794 645 florentes,
820 569 891 627 item
912 568 948 627 ab
973 569 1040 628 imo.
1081 565 1155 647 (64)

143 651 242 731 Lappa
256 654 348 716 herba
366 672 441 731 quae
456 655 532 713 intra
549 672 583 712 00
599 653 685 729 parit,
704 650 829 730 Opuntia
848 651 953 711 010110
970 653 1097 712 radicem
1114 651 1178 728 la,

142 738 233 797 ciens.
261 735 334 818 (65)
351 736 478 814 lasioue,
494 735 662 813 coudrylla‚
685 737 774 815 picris
791 753 865 812 quaa
882 743 945 795 toto
965 753 1040 794 auno
1057 734 1154 795 iloret.

142 818 215 898 (66)
233 818 344 892 Quibus
362 821 417 880 1100
439 829 591 897 antequam
613 819 713 879 caules
729 827 846 879 exeant.
877 819 983 898 quibus
1000 818 1090 879 caulis
1108 836 1156 878 an·

140 911 256 981 tequam
273 904 337 964 1100.
364 923 438 981 quae
455 913 501 964 ter
516 903 630 963 lloreat.
659 901 733 983 (67)
748 901 884 981 Cypiros,
901 903 1062 963 medicinae
1074 901 1153 962 Vlll.

142 986 288 1047 Thasium.
334 985 406 1067 (68)
430 986 618 1066 Asphodelus
643 989 706 1046 sive
726 987 839 1046 hastula
859 988 943 1063 regia
964 979 1154 1070 (anthericus

141 1072 205 1130 sive
221 1066 384 1154 albucum).
416 1069 489 1150 (69)
511 1070 589 1130 10001
606 1089 717 1147 genera
737 1070 788 1146 Vl,
810 1070 970 1130 medicinae
985 1069 1050 1129 1111.
1079 1067 1154 1148 (70)
1164 1108 1190 1147 10

140 1171 278 1231 cyperus,
297 1155 457 1214 medicinae
471 1153 573 1231 Xllll,
592 1157 727 1231 cyperis,
744 1156 851 1232 cypira.
886 1151 961 1233 (71)
977 1154 1155 1214 holoschoe-

139 1254 204 1297 nos.
233 1235 317 1315 ,(72)
347 1237 508 1299 Medicinae
535 1256 573 1296 ex
598 1240 683 1297 iunco
712 1238 835 1298 odorato
865 1240 928 1297 sive
958 1238 1088 1298 teuchite
1114 1235 1154 1313 X,

141 1318 214 1398 (78)
231 1321 392 1381 medicinae
415 1341 453 1383 ex
471 1339 555 1381 asaro
582 1321 666 1398 Vlll,
694 1319 767 1401 (79)
788 1323 950 1382 medicinae
976 1340 1015 1381 ex
1038 1320 1150 1382 Gallico

138 1405 229 1464 nardo
243 1404 323 1482 Vlll,
346 1404 595 1485 (80)·10011101000
611 1424 650 1465 ex
664 1406 756 1467 herba
772 1424 856 1484 quam
871 1406 948 1482 phun
962 1414 1069 1465 vocant
1083 1403 1149 1464 1111.

139 1486 213 1566 (82)
229 1489 342 1566 Syrium
358 1507 567 1568 crocomagma,
583 1490 742 1551 medicinae
756 1489 797 1566 ll,
814 1487 908 1568 (108)
924 1489 1072 1567 pesoluta,
1089 1507 1150 1549 me·
1164 1530 1189 1571 ,5

138 1572 231 1634 diclna
247 1573 268 1637 1.
299 1573 391 1651 (109)
409 1572 584 1634 Graecorum
606 1577 748 1634 nominum
769 1575 799 1633 in
815 1573 995 1652 ponderibus
1018 1581 1048 1633 et
1069 1591 1148 1633 meu·

139 1659 215 1716 suris
232 1659 446 1735 interpretatio.
478 1658 606 1718 Summa:
622 1658 781 1718 medicinae
799 1666 829 1717 et
840 1656 983 1718 historiae
998 1666 1029 1717 et
1046 1658 1152 1719 obser-

138 1741 273 1801 vationes
289 1740 457 1803 DCCXXX.
973 1812 976 1817 ,

134 1871 136 1875 ,
199 1823 245 1885 Ex
262 1827 446 1886 auctoribus:
471 1826 583 1907 Catone
603 1829 757 1903 censorio,
780 1826 818 1886 M.
835 1830 989 1902 Varrone,
1010 1826 1151 1906 Masurio,

138 1907 268 1986 Antiate,
285 1908 447 1989 Caepione,
460 1914 592 1985 vestino,
609 1911 697 1970 Vibio
713 1912 828 1987 Rufino,
843 1910 970 1987 Hygino,
986 1908 1185 1988 Pomponiono

138 1989 230 2067 Mela,
254 1993 395 2070 Pompeio
417 1993 547 2070 Lenaeo,
570 1993 709 2054 Cornelio
732 1993 840 2071 Celso,
862 1992 1022 2071 Calpurnio
1045 1993 1150 2076 Basso,

140 2071 172 2131 C.
191 2073 316 2152 Valgio,
332 2076 443 2136 Licinio
459 2078 576 2153 Macro,
595 2077 698 2137 Sextio
712 2077 805 2155 Nigro
823 2079 871 2157 qui
889 2075 1002 2137 Graece
1019 2078 1150 2159 scripsit,
1184 2122 1188 2129 ·

137 2155 213 2216 lulio
228 2157 321 2217 Basso
339 2161 386 2236 qui
403 2161 483 2235 item,
500 2159 629 2220 Antonio
642 2158 777 2222 Castore.
806 2160 961 2221 Enteruis:
980 2159 1151 2239 Theophra·

138 2248 197 2315 sto,
212 2240 395 2318 Democrito,
410 2242 547 2321 Orpheo,
566 2242 748 2321 Pythagora,
767 2243 910 2322 Magone,
923 2243 1085 2305 Menandro
1102 2250 1151 2327 qui

136 2320 319 2406 βιόχρηστα
337 2328 472 2404 scripsit,
494 2326 658 2406 Nicandro,
676 2328 823 2404 Homero,
844 2328 994 2405 Hesiodo,
1015 2326 1183 2411 Musaeum

138 2407 302 2487 Sophocle,
331 2410 483 2471 Anaxilao.
522 2410 661 2472 Medicis:
688 2412 853 2473 Mnesitheo
881 2414 929 2489 qui
955 2412 991 2473 de
1017 2419 1149 2495 coronis,

139 2490 315 2555 Callimacho
331 2497 377 2573 qui
398 2497 483 2572 item,
499 2494 606 2556 Phania
622 2496 763 2575 physico,
781 2496 872 2572 Simo,
888 2494 1063 2574 Timaristo,
1081 2500 1150 2579 Hip·

137 2587 276 2653 pocrate,
301 2577 483 2658 Chrysippo,
501 2578 621 2656 Diocle,
645 2580 796 2660 Ophione,
818 2580 993 2656 Heraclide,
1018 2580 1149 2661 Hicesio,

136 2658 297 2736 Dionysio,
315 2662 500 2740 Apollodoro
517 2662 665 2740 Citiense,
682 2664 866 2743 Apollodoro
887 2664 1063 2741 Tarentino,
1081 2668 1150 2728 Pra-

137 2759 261 2818 xagora,
275 2742 447 2820 Plistonico,
463 2745 572 2822 Medio,
587 2746 730 2825 Dieuche,
749 2746 945 2828 Cleophanto,
963 2747 1148 2829 Philistioue,
1157 2787 1182 2829 y,

136 2823 332 2905 Asclepiade,
352 2825 496 2906 Crateua,
519 2830 659 2890 Petronio
675 2831 821 2910 Diodoto,
843 2832 935 2910 lulla,
954 2830 1149 2915 Erasistrato,

136 2909 283 2988 Diagora,
298 2910 433 2988 Andrea,
449 2912 598 2990 Mneside,
620 2913 811 2994 Epicharmo,
832 2916 990 2994 Damione,
1011 2920 1148 2999 Dalioue,

136 2995 303 3073 Sosimeuc,
320 2994 503 3076 Tlepolemo,
521 2997 704 3077 Metrodoro,
724 3000 846 3077 Solone,
865 3000 958 3076 Lyco,
976 3003 1148 3084 Olympiade

137 3076 285 3158 Thebana,
301 3080 426 3160 Philino,
441 3081 589 3160 Petricho,
604 3082 760 3161 Miccionc,
779 3083 905 3162 Glaucia,
926 3082 1107 3154 Xenocrate.

196 3163 285 3225 Libro
300 3163 394 3226 XXll.
413 3170 578 3229 continetur
594 3171 752 3229 auctoritas
767 3167 932 3230 herbarum.
965 3171 1017 3252 (2)
1037 3172 1178 3244 0001000

135 3243 235 3307 herbis
258 3249 369 3310 formae
387 3254 481 3328 gratia
501 3254 552 3311 uti.
589 3250 640 3330 (3)
656 3251 763 3313 Herhis
785 3253 862 3313 inlici
876 3261 990 3334 vestes,
1001 3260 1073 3317 item
1084 3258 1146 3334 pig·

139 3336 240 3389 mento
270 3332 306 3392 da
324 3333 392 3394 oleo
408 3336 542 3395 chortino
559 3330 644 3412 (23).
677 3335 723 3397 De
739 3339 935 3417 sagminibus,
952 3341 990 3402 de
1007 3346 1147 3405 verbenis

136 3418 166 3470 et
183 3413 382 3492 clarigatione.
420 3417 471 3497 (4)
492 3417 538 3478 De
560 3435 669 3480 corona
689 3424 845 3498 graminea.
881 3423 919 3485 de
936 3427 1057 3488 raritate
1072 3429 1146 3490 eius.
