2400 3856
68 158 126 220 134
441 165 471 214 c.
494 165 760 214 ru1u1snoonn1

64 325 135 385 iluit.
152 325 246 384 tenuis
261 324 354 402 primo
369 338 425 380 nec
440 320 495 379 nisi
511 320 630 399 piscinis
648 320 813 380 corrivatus
826 320 1006 400 emissusque
1018 339 1068 380 na·

65 407 211 484 rigabilis,
228 407 312 467 sicuti
327 405 409 465 'linia
425 413 454 464 et
470 404 568 465 Glanis
582 403 736 464 induentes
752 404 781 463 in
798 420 872 480 eum,
889 421 1069 464 novenorum

64 493 103 552 ita
125 499 269 569 conceptu
292 489 417 563 dierum,
444 488 468 547 si
492 505 550 548 non
574 488 709 548 adiuvent
726 486 845 548 imbres.
885 489 938 548 sed
954 487 1069 548 Tiberis

66 584 189 654 propter
200 591 307 653 aspera
319 582 349 633 et
364 572 540 651 confragosa
550 590 588 633 ne
604 572 647 633 sic
662 571 777 651 quidem
792 579 996 651 praeterquam
1012 581 1068 631 tra·

65 658 151 719 bibus
166 659 264 718 verius
281 675 364 736 quam
380 657 489 716 ratibus
505 655 592 734 longe
608 655 741 717 meabilis
757 655 863 731 fertur,
885 673 940 734 per
956 665 1094 720 centums

66 742 271 821 quinquaginta
292 741 370 801 milia
393 758 529 819 passuum
550 758 607 800 non
629 739 734 819 procul
751 739 869 799 'liierno
891 738 1069 818 Perusiaque

66 834 95 886 et
111 824 266 901 Ocriculo,
289 824 432 885 Etruriam
449 824 484 885 ab
500 822 615 884 Umbris
632 841 668 883 ac
683 823 813 899 Sabinis,
836 839 905 882 mox
923 824 994 883 citra
1024 839 1070 882 se·

65 910 160 969 decim
183 909 261 970 milia
282 926 418 987 passuum
442 907 522 967 urbis
541 906 694 967 Veientem
716 925 816 984 agrum
837 925 853 966 a
875 903 1068 978 Crustumino,

22 993 133 1061 scdein
150 993 319 1053 Fidenatem
339 990 559 1068 Latinumquea
579 988 720 1049 Vaticano
744 990 896 1066 dirimens,
919 990 973 1050 scd
995 989 1071 1049 inira

65 1076 231 1136 Arretinum
244 1074 354 1135 Gladim
375 1073 488 1132 duobus
512 1079 541 1131 et
552 1071 741 1150 quadraginta
753 1072 847 1132 fluviis
859 1080 970 1148 auctus,
984 1091 1069 1151 prae·
1081 1096 1107 1142 to

66 1161 159 1237 cipuis
175 1167 270 1218 autem
284 1155 364 1215 Nare
381 1163 410 1215 et
427 1154 558 1232 Aniene,
583 1156 632 1235 qui
648 1157 757 1235 etipse
773 1151 946 1232 navigabilis
962 1155 1070 1215 Latium

65 1241 184 1301 includit
205 1258 222 1300 a
243 1248 347 1316 tergo,
372 1256 429 1299 nec
449 1239 542 1299 minus
562 1247 658 1299 tamen
679 1241 762 1319 aquis
782 1258 817 1301 ac
839 1248 882 1299 tot
898 1239 1026 1299 fontibus
1043 1241 1071 1297 in

64 1323 167 1384 urbem
178 1323 338 1402 perductis,
356 1332 386 1383 et
397 1323 464 1384 ideo
478 1322 636 1402 quamlibet
646 1340 813 1401 magnarum
823 1325 936 1383 navium
948 1342 986 1384 ex
997 1321 1069 1383 Italo

64 1407 137 1467 mari
152 1425 263 1486 capax,
287 1425 384 1467 rerum
405 1408 434 1466 iu
455 1416 516 1467 toto
532 1407 606 1467 orbe
622 1410 802 1469 nascentium
818 1416 964 1469 mercator
979 1407 1069 1486 placi·

66 1490 211 1568 dissimus,
230 1491 361 1569 pluribus
376 1508 471 1570 prope
488 1491 569 1551 solus
585 1509 669 1569 quam
684 1494 776 1552 ceteri
793 1492 821 1551 in
837 1491 969 1552 omnibus
984 1490 1070 1550 terris
1080 1504 1106 1546 rs

22 1581 163 1635 mansues
182 1574 325 1636 adcolitur
343 1575 559 1654 adspiciturque
579 1574 666 1653 villis,
693 1576 822 1655 nullique
835 1575 997 1636 'duriorum
1018 1576 1069 1632 mi-

64 1677 116 1718 nus
126 1658 196 1719 licet
205 1661 325 1721 inclusis
340 1663 485 1740 utrimque
494 1661 644 1722 lateribus.
665 1680 720 1721 nec
733 1669 827 1720 tamen
839 1660 904 1737 ipse
915 1655 1068 1735 depugnat,

66 1759 237 1821 quamquam
256 1742 363 1802 creber
384 1760 419 1802 ac
443 1742 552 1803 subitus
574 1743 760 1802 incrementis
777 1751 806 1803 et
821 1758 960 1820 nusquam
975 1739 1070 1817 magis

65 1825 148 1905 aquis
173 1843 257 1904 quam
279 1827 307 1885 in
331 1827 395 1905 ipsa
410 1827 483 1885 urbe
500 1826 708 1903 stagnantibus.
740 1827 808 1905 quin
829 1826 913 1884 immo
928 1833 1013 1884 vates
1028 1824 1069 1883 in·

65 1909 216 1986 tellegitur
236 1911 334 1987 potius
355 1928 390 1970 ac
412 1911 537 1970 monitor
558 1917 643 1970 auctu
666 1928 784 1989 semper
798 1909 954 1987 religiosus
971 1909 1106 1967 veriusao

22 2002 150 2071 tiquam
174 2011 291 2052 saevus.
322 1991 431 2054 betium
453 1995 599 2072 antiquum
621 1992 753 2053 eliberi
766 1990 907 2053 Cerceios
926 1999 1071 2051 servatum

66 2084 111 2133 est
122 2074 151 2133 Μ
165 2093 243 2153 pass.
260 2075 282 2134 L
297 2077 486 2153 longitudine.
505 2086 560 2137 tam
576 2087 680 2137 tenues
695 2076 853 2156 primordio
869 2076 972 2154 imperi
986 2075 1070 2134 fuere

65 2156 190 2216 radices.
226 2158 341 2219 colonis
357 2177 448 2238 saepe
460 2161 574 2220 mutatis
591 2169 712 2220 tenuere
731 2160 779 2221 alii
796 2160 860 2219 aliis
878 2158 1069 2237 temporibus,

65 2238 264 2318 Aborigines,
291 2236 424 2319 Pelasgi,
447 2243 597 2317 Arcades,
625 2244 725 2319 Siculi,
749 2243 893 2320 Aurunci,
916 2241 1024 2316 Rutuli,
1042 2249 1072 2300 et

65 2323 290 2386 ultraCerceios
305 2325 424 2402 Volsci,
443 2325 523 2403 Osci,
540 2326 694 2404 Ausones,
711 2327 787 2388 unde
805 2345 910 2387 nomen
924 2325 985 2386 Lati
1002 2340 1105 2402 pro-ac
1199 2397 1200 2400 Ἴ

67 2409 156 2469 cessit
174 2410 210 2470 ad
225 2409 310 2469 Lirim
327 2429 447 2471 amnem.
482 2411 512 2471 in
529 2412 672 2490 principio
691 2421 736 2472 est
751 2410 832 2472 Ostia
849 2411 964 2471 colonia
979 2427 996 2468 a
1010 2407 1069 2467 Ro·
1199 2413 1200 2418 ’

66 2511 150 2554 mano
165 2512 238 2570 rege
255 2495 391 2570 deducta,
411 2496 547 2574 oppidum
561 2494 743 2571 Laurentum,
761 2495 844 2555 lucus
860 2493 938 2555 lovis
953 2491 1069 2569 ludige-

65 2578 120 2652 tis,
145 2579 235 2636 amnis
253 2577 417 2654 Numicius,
438 2578 538 2640 Ardea
560 2597 577 2639 a
593 2578 693 2640 Danae
710 2578 811 2639 Persei
833 2588 925 2639 matre
943 2575 1068 2637 condita.

24 2660 57 2714 57
67 2660 134 2718 dein
150 2660 294 2737 quondam
306 2660 522 2739 Aphrodisium,
539 2661 654 2724 Antium
666 2663 792 2741 colonia,
805 2662 912 2723 Astura
923 2662 1029 2722 dumen
1041 2666 1071 2718 et

66 2740 178 2817 insula,
195 2741 297 2802 fluvius
312 2742 509 2823 Nymphaeus,
527 2743 642 2806 Clostra
656 2745 796 2825 Romana,
808 2743 912 2807 Cercei
925 2742 1069 2824 quondam
1079 2755 1105 2797 30

67 2824 162 2905 insula,
177 2825 307 2884 inmenso
324 2829 440 2905 quidem
456 2829 527 2889 mari
543 2830 729 2906 circumdata,
745 2837 776 2890 ut
793 2830 919 2890 creditur
929 2828 1068 2901 Homero,
1199 2837 1200 2844 ’

68 2917 97 2969 et
108 2927 183 2968 nunc
200 2909 328 2987 planitie.
355 2909 456 2972 Mirum
469 2921 513 2971 est
531 2913 608 2992 quod
625 2914 681 2975 hac
697 2914 733 2974 de
748 2932 781 2974 re
796 2913 914 2973 tradere
926 2912 1069 2972 hominum

67 2993 186 3052 notitiae
202 3010 366 3072 possumus.
395 2994 624 3075 Theophrastus,
641 2998 689 3077 qui
701 2998 808 3077 primus
820 3005 1006 3056 externorum
1018 2993 1068 3054 ali·

68 3095 124 3154 qua
140 3077 176 3136 de
192 3076 329 3138 Romanis
347 3078 511 3157 diligentius
527 3081 644 3160 scripsit
660 3082 740 3161 (nam
756 3078 979 3160 Theopompus,
1003 3086 1068 3139 ante

68 3178 153 3239 quem
169 3179 254 3221 nemo
270 3165 445 3224 mentionem
461 3163 576 3242 babuit,
600 3165 702 3225 urbem
718 3165 864 3225 dumtaxat
882 3183 899 3225 a
915 3163 1005 3225 Gallis
1021 3179 1068 3220 ca·
1078 3175 1104 3216 aa

68 3252 145 3320 ptam
161 3245 242 3322 dixit,
260 3244 423 3308 Clitarchus
438 3246 474 3307 ab
493 3264 529 3307 eo
545 3250 695 3327 proximus
717 3247 894 3325 legationem
909 3255 1015 3323 tantum
1031 3243 1067 3303 ad

24 3325 261 3389 58Alexaudrum
273 3331 398 3408 missam,
414 3331 462 3393 hic
477 3333 532 3392 iam
547 3332 612 3411 plus
629 3350 712 3412 quam
725 3331 870 3412 etfama),
883 3329 1068 3392 Cerceiorum

66 3410 178 3471 insulae
201 3423 229 3472 et
246 3432 407 3477 mensuram
429 3417 526 3495 posuit
543 3416 634 3478 stadia
658 3416 806 3494 octoginta
822 3416 851 3475 in
868 3431 904 3474 eo
921 3410 1068 3473 uolumine
