2400 3856
110 151 171 217 118
451 165 483 214 c.
504 166 601 213 curru
622 166 771 214 sucuum

109 322 219 382 coloris
238 338 338 381 omues
357 319 485 380 ostendit
508 322 624 400 pisces,
646 320 716 381 nihil
740 328 824 381 extra
845 319 922 379 illam
943 337 1044 399 aquam
1064 319 1119 380 dil·

66 413 116 465 232
131 405 271 466 ferentes.
309 403 343 464 ln
362 401 498 465 Comensi
520 405 599 464 iuxta
614 402 727 464 barium
750 404 842 464 lacum
860 406 926 466 lons
944 404 1043 481 largus
1064 403 1116 465 ho-

108 492 149 549 ris
166 488 288 566 singulis
304 506 421 566 semper
435 489 600 548 intumescit
620 505 654 548 ac
670 489 781 548 residit.
818 490 848 548 in
863 485 1003 564 Cydonea
1023 487 1117 548 insula

109 581 176 633 ante
191 572 317 632 Lesbum
342 572 409 632 fons
426 571 535 632 calidus
552 590 624 632 vere
640 580 747 631 tautum
769 571 838 631 llult.
877 571 969 633 Lacus
985 572 1115 632 Sannaus

107 658 137 716 in
147 656 220 716 Asia
236 658 312 717 cirea
328 664 467 717 nascente
481 654 626 717 absinthio
638 655 772 717 inlicitur.
797 653 970 736 Colophone
982 657 1012 716 in
1023 655 1140 734 Apol-s

108 740 175 801 linis
193 737 271 800 Clari
294 759 384 818 specu
405 739 505 800 lacuna
525 748 571 800 est
588 741 669 799 cuius
687 749 758 818 potu
780 741 850 800 mira
873 739 1031 800 redduntur
1053 757 1116 799 ora·

109 825 190 901 cula,
208 824 369 885 bibentium
384 825 522 885 breviore
538 825 608 883 vita.
632 822 741 884 Amnes
758 832 839 884 retro
857 824 947 884 lluerc
965 832 994 884 et
1014 831 1116 884 nostra

108 909 180 969 vidit
195 917 276 968 aetas
291 907 418 968 Neronis
442 908 583 986 principis
605 908 766 985 supremis,
788 910 863 968 sicut
886 909 915 967 iu
936 907 1025 968 rebus
1051 910 1115 968 eius

65 999 118 1055 233
133 993 293 1053 retulimus.
317 992 375 1051 Iam
387 1009 487 1051 omncs
503 992 601 1051 lontes
618 1000 732 1052 aestate
743 1009 827 1069 quam
841 990 937 1053 hieme
952 991 1116 1069 gelidiores

109 1094 176 1137 essa
198 1094 283 1153 quem
303 1073 399 1136 lallit?
437 1075 511 1134 sicut
530 1073 581 1134 illa
601 1076 727 1153 permira
747 1083 867 1136 naturae
887 1093 993 1154 opera,
1016 1093 1067 1136 aes
1086 1083 1152 1137 etro

108 1158 254 1239 plumbum
267 1160 295 1218 in
308 1176 402 1219 massa
417 1160 521 1236 mergi,
539 1157 688 1227 dilatatum
702 1158 826 1237 fluitare,
841 1159 1029 1238 eiusdemque
1043 1176 1116 1237 pon-

110 1243 188 1304 deris
204 1241 259 1301 alia
281 1241 379 1302 sidere
400 1242 456 1302 alia
471 1242 587 1321 invehi,
611 1261 702 1304 onera
722 1244 752 1303 in
774 1261 847 1322 aqua
864 1245 977 1304 laoilius
992 1245 1116 1320 moveri,

109 1327 223 1403 Syrium
238 1326 362 1405 lapidem
382 1328 512 1406 quamvis
531 1327 670 1411 grandem
685 1328 833 1403 innatare,
851 1327 1032 1407 eundemque
1048 1345 1117 1387 con·

109 1412 246 1471 minutum
266 1412 369 1488 mergi.
406 1414 537 1472 recentia
558 1412 699 1472 cadavera
721 1411 757 1472 ad
772 1412 874 1472 vadum
891 1408 969 1488 labi,
994 1412 1116 1471 intume-

107 1497 220 1555 scentia
235 1495 345 1572 attolli,
363 1497 458 1556 inania
471 1513 541 1555 vasa
557 1495 626 1556 haut
644 1495 757 1556 facilius
779 1514 863 1574 quam
883 1496 969 1575 plena
990 1494 1114 1570 extrahi,
1126 1520 1152 1562 m

109 1578 220 1657 pluvias
238 1579 337 1639 salinis
355 1597 443 1657 aquas
468 1579 602 1640 utiliores
624 1597 794 1659 essequam
812 1581 960 1659 reliquas,
978 1598 1032 1639 nec
1050 1580 1114 1638 lieri

35 1666 38 1671 ’
67 1670 117 1722 2321
133 1662 223 1723 salem
234 1665 289 1724 nisi
300 1662 435 1724 admixtis
449 1662 592 1740 dulcibus,
602 1664 725 1724 marinas
742 1663 850 1723 tardius
862 1664 976 1741 gelare,
988 1662 1116 1724 celerius

109 1746 243 1824 accendi,
261 1747 357 1808 hieme
371 1766 451 1809 mare
469 1747 588 1808 calidius
604 1766 690 1825 esse,
711 1748 873 1808 autumnale
889 1746 1012 1825 salsius,
1032 1765 1117 1806 omne

112 1831 180 1892 oleo
195 1831 392 1910 tranquillari,
413 1841 443 1892 et
460 1831 498 1892 ob
514 1831 543 1891 id
564 1832 713 1893 urinantes
737 1850 790 1892 ore
805 1849 965 1910 spargere,
983 1833 1118 1909 quioniam

108 1917 223 1993 mitiget
243 1924 371 1976 naturam
392 1934 526 1994 asperam
547 1915 699 1996 lucemque
718 1915 872 1994 deportet,
895 1917 979 1976 nives
1005 1916 1035 1974 in
1057 1914 1153 1975 altoeo

108 2002 179 2059 mari
195 2017 253 2058 uon
270 2000 392 2076 cadere,
408 2018 471 2059 eum
495 2001 587 2059 omnis
606 2017 679 2078 aqua
696 2000 833 2060 deorsum
849 2000 977 2076 feratur,
996 1998 1117 2059 exsilire

108 2084 227 2159 fontes,
244 2091 331 2160 atquc
350 2085 436 2143 ctiam
455 2083 485 2142 in
500 2081 616 2142 Aetnae
632 2083 777 2143 radicibus
799 2083 948 2161 flagrantis
964 2084 993 2142 iu
1010 2090 1119 2143 tautum
1152 2090 1155 2094 “

107 2175 140 2226 ut
156 2167 375 2245 quinquagena,
401 2174 525 2226 centena
548 2166 626 2226 milia
643 2183 779 2244 passuum
799 2167 923 2229 harenas
945 2166 1118 2227 flammarum

108 2251 200 2328 globo
218 2258 342 2312 eructet.

65 2342 116 2396 ²35
175 2333 280 2416 (107.)
296 2335 413 2414 lamque
432 2343 463 2395 et
477 2336 604 2413 ignium,
621 2335 698 2412 quod
714 2344 760 2396 cst
775 2344 895 2397 naturae
912 2343 1041 2414 quartum
1058 2333 1117 2394 cle·
1128 2356 1154 2397 ss

107 2428 250 2496 mentum,
267 2419 419 2479 reddamus
434 2419 528 2498 aliqua
543 2419 695 2496 miracula,
712 2421 766 2480 scd
780 2421 902 2499 primum
917 2438 955 2480 ex
969 2419 1061 2496 aquis.

173 2501 242 2565 104.
259 2500 365 2582 (108.)
385 2503 419 2563 ln
438 2504 512 2563 urbe
528 2502 738 2581 Commagenes
754 2503 904 2565 Samosata
920 2512 1051 2579 stagnum
1073 2509 1119 2561 est

109 2590 245 2649 emittens
260 2587 355 2647 limum
374 2586 521 2665 (maltham
540 2589 663 2668 vocant)
681 2588 861 2665 flagrantem,
891 2606 954 2648 cum
970 2585 1038 2664 quid
1056 2587 1119 2645 atti·

109 2674 153 2749 git
167 2671 271 2747 solidi,
288 2671 444 2748 adhaeret,
466 2681 621 2750 practerea
641 2680 735 2748 tactu,
760 2681 791 2732 et
812 2671 943 2750 sequitur
959 2671 1118 2746 fugientes.

112 2756 153 2814 sic
170 2754 331 2814 defendere
348 2772 447 2814 muros
466 2763 653 2833 oppugnante
668 2753 800 2832 Lucullo,
817 2753 1016 2832 flagrabatque
1034 2752 1155 2817 milcsso

110 2838 195 2899 armis
212 2839 283 2897 suis.
307 2839 389 2916 aquis
407 2838 493 2898 etiam
509 2838 686 2916 accenditur,
700 2847 779 2899 terra
791 2846 897 2899 tantum
913 2836 1056 2913 restingui
1070 2837 1120 2896 do·

111 2939 199 2983 cuerc
218 2924 426 3000 experimenta.

174 3004 244 3068 105.
267 3004 371 3086 (109.)
388 3007 496 3068 Similis
513 3015 560 3067 cst
580 3015 681 3067 natura
703 3005 855 3086 naphthae.
892 3006 933 3065 ita
956 3003 1121 3083 appellatur

111 3092 187 3151 circa
199 3091 378 3167 Babylonem
391 3100 421 3152 et
436 3094 466 3152 in
484 3089 640 3152 Astacenis
658 3091 794 3152 Parthiae
810 3088 961 3169 profluens
974 3088 1120 3149 bituminis

111 3173 210 3252 liquidi
232 3175 328 3236 modo.
352 3176 418 3235 huic
433 3192 535 3252 magna
552 3175 688 3253 cognatio
706 3176 832 3253 ignium,
851 3172 1074 3250 transiliuntque
1091 3170 1154 3228 inas

112 3275 176 3317 eam
194 3262 328 3337 protinus
345 3260 545 3335 undecumque
569 3260 670 3318 risam.
706 3260 748 3319 ita
767 3260 862 3320 fertur
883 3276 899 3317 a
916 3255 1012 3317 bledla
1031 3252 1121 3332 paeli-

112 3357 174 3399 cem
200 3352 371 3417 crematam,
392 3351 546 3421 postquam
572 3342 768 3403 sacrilicatura
792 3342 828 3408 ad
853 3359 918 3402 aras
946 3344 1123 3412 accesserat,

112 3439 220 3482 corona
236 3426 304 3500 igue
321 3433 416 3504 rapto.
