2400 3856
313 201 394 253 nac.
414 201 505 249 mss.
524 202 572 248 vr.
594 186 714 247 lat-17.
735 184 876 267 (ts—21.)
1039 182 1102 248 227

91 372 160 415 esse
183 363 213 415 et
230 354 400 416 Alexander
418 354 538 432 magnus
561 354 689 433 prodidit
707 364 736 415 et
752 353 790 414 lll.
813 353 909 415 Varro
927 354 1014 415 talem
1038 371 1104 432 per·

90 438 177 498 latum
195 438 341 518 Pompeio·
357 440 437 499 iuxta
459 457 508 499 res
526 440 640 516 gerenti
662 437 856 499 Mithridatico
873 439 970 516 bello,
996 439 1104 516 magui·

92 522 190 582 tudine
206 522 275 582 haut
287 523 374 582 dubie
390 523 569 583 influentium
585 524 705 582 amnium
718 525 796 582 victo
811 523 883 584 sale.
914 522 1012 582 Adicit
1028 522 1104 582 idem
1120 532 1154 583 52

90 606 212 685 Pompei
239 607 327 666 ductu
349 605 530 685 exploratum
560 609 589 666 in
609 605 731 666 Bactros
754 605 810 666 vll
833 607 936 667 diebus
961 625 999 666 ex
1023 606 1104 667 ludia

56 701 69 741 ⁵
92 692 241 768 perveniri
260 691 296 751 ad
313 690 443 750 lachrum
459 689 564 750 llumen
582 690 660 767 quod
674 692 703 750 in
720 689 811 750 Oxum
827 690 942 764 influat,
966 698 996 750 et
1012 708 1050 750 ex
1066 707 1105 750 eo

90 792 145 852 per
161 772 297 852 Caspium
318 775 347 834 in
364 771 470 850 Cyrum
485 774 661 850 subvectos,
684 773 756 834 etll
778 792 836 834 non
856 773 978 853 amplius
993 774 1105 834 dierum

90 868 211 918 terreno
232 859 339 918 itinere
362 859 397 918 ad
419 857 534 918 Phasim
555 861 585 918 in
609 857 731 918 Pontum
749 858 862 918 lndicas
884 875 974 937 posse
998 856 1111 917 devehi>

90 960 214 1002 merces.
252 941 367 1002 Insulae
390 950 454 1002 toto
477 944 507 1002 in
528 960 565 1002 eo
586 944 657 1002 mari
680 942 804 1019 multae,
830 941 947 1021 volgata
972 960 1026 1001 una
1047 959 1104 1000 ma·

90 1027 166 1086 xime
185 1025 323 1087 Zazata'
398 1019 403 1029 ’

53 1123 78 1161 10
155 1108 239 1190 (20.)
256 1110 283 1169 A
300 1107 408 1189 caspio
425 1112 496 1170 mari
512 1110 709 1190 Scythicoque
726 1129 837 1171 oceano
852 1113 881 1170 in
897 1109 991 1171 Eoum
1002 1128 1103 1170 cursus
1118 1117 1154 1172 td

90 1194 250 1254 inllectitur
265 1194 301 1255 ad
318 1198 462 1255 orientem
478 1213 621 1255 conversa
637 1195 752 1254 litorum
766 1197 873 1255 fronte.
903 1194 1104 1255 lnhabitabilis
1165 1221 1168 1225 ·

92 1280 156 1338 eius
181 1279 272 1357 prima
290 1296 362 1357 pars
383 1278 551 1354 aSeythico
574 1281 772 1357 promunturio
790 1279 828 1338 ob
848 1280 948 1355 nives,
972 1281 1104 1358 proxima

91 1361 199 1420 inculta
227 1365 351 1421 saevitia
372 1365 510 1439 gentium.
554 1361 799 1441 Anthropophagi
824 1362 949 1438 Scythae
977 1362 1105 1423 insident

91 1445 225 1506 humanis
242 1445 418 1524 corporibus
434 1454 598 1506 vescentes.
634 1446 701 1505 ideo
719 1448 799 1506 iuxta
813 1454 914 1506 vastae
930 1445 1104 1506 solitudines

54 1543 79 1583 15
93 1530 279 1607 ferarumque
302 1529 454 1589 multitudo
476 1529 546 1588 haut
560 1529 730 1589 dissimilem
751 1529 895 1589 hominum
912 1530 1106 1589 inmanitatem

93 1615 241 1680 obsidens.
284 1614 390 1674 lterum
421 1612 526 1673 deiude
557 1612 683 1689 Scythae
712 1615 875 1691 iterumque
900 1613 1018 1674 deserta
1042 1631 1105 1672 cum

92 1698 204 1774 beluis,
233 1716 325 1776 usque
347 1696 382 1756 ad
397 1698 493 1774 iugum
514 1697 654 1757 incubans
677 1699 747 1756 mari
768 1698 845 1774 quod
867 1705 973 1757 vocant
994 1697 1103 1757 Tabim.

91 1780 156 1841 Nec
175 1791 242 1842 ante
259 1782 401 1841 dimidiam
417 1783 508 1842 ferme
530 1781 741 1859 longitudinem
764 1784 827 1841 eius
850 1799 921 1841 orae
942 1800 1016 1860 quae
1038 1800 1104 1860 spe·

92 1875 152 1927 ctat
178 1869 321 1926 aestivam
345 1868 488 1927 orientem
513 1865 689 1925 inhabitatur
714 1865 763 1924 illa
790 1867 885 1942 regio.
927 1866 1013 1926 Primi
1041 1873 1157 1926 suntet

53 1964 80 2004 ao
93 1950 237 2009 hominum
252 1951 300 2028 qui
317 1959 472 2009 noscantur
491 1949 583 2009 Seres
603 1949 709 2009 lanicio
731 1949 867 2008 silvarum
883 1949 1016 2025 nobiles,
1038 1967 1111 2027 pere

92 2035 184 2094 lusam
201 2026 285 2111 ‘aqua
310 2033 503 2112 depectentes
528 2034 671 2093 frondium
695 2034 846 2110 canitiem,
872 2033 947 2094 unde
972 2034 1104 2110 geminus

56 2142 59 2146 ⁴
92 2117 207 2178 leminis
234 2119 345 2177 nostris
375 2117 459 2178 labos
487 2118 673 2178 redordiendi
705 2118 753 2178 lila
784 2136 942 2196 rursusque
976 2119 1103 2178 texendi.

94 2209 151 2260 tam
167 2201 318 2280 multiplici
343 2219 453 2281 opere,
475 2211 531 2262 tam
552 2201 713 2280 longinquo
731 2202 804 2263 orbe
825 2205 935 2281 petitur
956 2211 986 2262 ut
1007 2204 1037 2262 in
1054 2221 1105 2281 pu·

95 2283 173 2343 blico
194 2286 494 2365 matronatraluccat.
536 2287 627 2346 Seres
649 2288 734 2346 mites
757 2287 888 2364 quidem,
916 2286 969 2347 sed
993 2294 1023 2345 et
1047 2287 1104 2364 ipsi

54 2367 166 2426 asteris
193 2367 302 2426 similes
333 2377 449 2429 coetum
474 2369 652 2445 reliquorum
679 2369 842 2428 mortalium
867 2371 999 2445 lugiunt,
1029 2386 1104 2428 com·

94 2452 201 2510 mercia
213 2460 396 2528 exspectant.
425 2448 549 2511 Primum
561 2467 663 2509 eorum
680 2452 810 2511 noscitur
826 2451 932 2510 flumen
944 2451 1103 2529 Psitharas,
1119 2461 1154 2513 55

93 2536 255 2612 proximum
283 2533 433 2609 Cambari,
460 2535 576 2594 tertium
604 2531 717 2610 Lanos,
747 2551 763 2592 a
792 2552 849 2611 quo
877 2534 1105 2613 promunturium

95 2615 224 2694 Chryse,
245 2618 325 2678 sinus
342 2616 493 2693 Cyrnaba,
515 2616 621 2678 flumen
636 2619 779 2694 Atianos,
803 2619 883 2677 sinus
902 2628 931 2678 et
957 2639 1031 2697 gens
1054 2619 1115 2680 ho?

92 2703 197 2762 minum
223 2701 407 2779 Attacorum,
433 2703 539 2779 apricis
568 2703 604 2761 ab
639 2703 714 2762 omni
739 2703 828 2761 noxio
858 2701 962 2763 adflatu
989 2704 1105 2766 seclusa

54 2784 229 2846 cocollibus.
272 2787 372 2846 eadem
396 2804 450 2865 qua
472 2784 659 2864 Hyperborei
682 2787 791 2863 degunt
813 2790 966 2865 temperie.
1002 2788 1039 2849 de
1059 2788 1103 2848 his

93 2871 225 2946 privatim
252 2870 379 2929 condidit
407 2871 543 2930 volumen
566 2870 752 2948 Amometus,
779 2872 853 2930 sicut
880 2871 1044 2931 Hecataeus
1067 2873 1104 2930 dc

93 2951 305 3030 hyperboreis.
336 2954 383 3014 Ab
402 2955 553 3014 Attacoris
567 2963 674 3031 gentes
695 2953 786 3013 Thuni
804 2963 834 3014 et
854 2953 975 3029 Focari,
998 2963 1029 3014 et
1049 2956 1105 3013 iam

93 3036 228 3095 lndorum
256 3034 349 3097 Casiri
380 3039 524 3098 introrsus
561 3037 596 3098 ad
624 3037 746 3113 Scythas
777 3039 855 3099 versi
882 3036 1011 3097 humanis
1041 3057 1105 3098 cor·

94 3119 217 3197 poribus
236 3131 410 3197 vescuntur,
430 3121 577 3181 Nomades
596 3139 713 3200 quoque
735 3121 834 3181 lndiae
852 3131 1001 3196 vagantur.
1033 3122 1105 3181 Sunt

37 3216 80 3289 'ss
93 3205 142 3281 qui
164 3204 200 3263 ab
221 3204 357 3281 aquilone
375 3206 504 3283 contingi
526 3205 655 3285 abipsis
676 3214 705 3265 et
729 3202 854 3265 Ciconas
873 3206 975 3266 dixere
996 3215 1026 3266 et
1043 3206 1105 3265 Bri·

92 3306 186 3349 sanos.

155 3370 237 3452 (21.)
266 3372 325 3432 Sed
350 3375 424 3435 unde
448 3375 533 3454 plane
555 3381 692 3435 constent
717 3382 822 3451 gentes
844 3372 966 3434 hemodi
992 3383 1105 3434 montes
1121 3383 1155 3434 56

92 3455 267 3536 adsurgunt,
294 3457 488 3538 Indorumque
509 3477 582 3536 gens
605 3459 705 3536 incipit
735 3474 792 3517 non
811 3456 877 3519 Eoo
901 3467 1008 3518 tantum
1033 3460 1101 3517 mari

837 3539 899 3604 15³l
