2400 3856
137 121 200 186 218
481 134 512 182 o.
535 132 632 181 amru
651 133 801 181 saccum

109 308 123 344 a
140 293 167 351 Α
182 289 388 350 Neocaesarea
402 306 489 367 snpra
505 288 580 349 dicta
598 289 739 348 minorem
763 288 928 348 Armeniam
941 286 1039 364 laycus
1062 291 1156 350 amnis

139 375 328 433 disterminat.
366 382 412 433 est
428 383 459 433 et
474 370 625 432 Coeranus
646 374 722 431 intus
738 372 844 431 clarus.
878 375 907 431 in
930 390 982 432 ora
1003 381 1103 431 auteur
1118 373 1156 433 ab

142 459 243 516 Amiso
260 456 397 535 oppidum
412 466 443 516 et
458 457 562 516 hnmen
578 454 729 533 Chadisia,
743 455 913 533 Lycastnm,
930 473 946 515 a
963 473 1022 534 quo
1039 455 1156 517 Themi·

140 559 264 616 scyrena
281 542 374 617 regio.

89 628 124 682 lo
202 623 263 705 (4.)
292 625 347 683 lris
371 624 476 684 llumeu
503 625 641 685 deierans
665 623 781 700 Lycum.
823 626 925 684 civitas
952 621 1036 684 Ziela
1063 625 1185 702 intus,s

140 709 248 769 nobilis
261 708 343 770 clade
357 706 450 768 Triari
458 718 488 769 et
500 710 623 785 victoria
637 704 668 767 C.
684 706 830 768 Caesaris.
852 710 881 768 in
894 727 944 768 ora
956 709 1049 767 amnis
1064 707 1158 769 Ther-

139 793 246 853 modon
262 801 342 852 ortus
357 792 392 851 ad
407 793 556 853 castellum
574 792 651 871 quod
672 801 777 852 vocant
791 792 953 852 Phanorian
973 801 1157 871 praeterque

139 877 253 938 radices
268 876 408 936 Amazoni
423 879 530 938 montis
548 876 658 954 lapsus.
696 877 750 936 luit
766 877 901 955 oppidum
917 874 1022 937 eodem
1037 880 1157 936 nomine

141 970 170 1020 et
188 960 244 1021 alia
264 962 409 1039 quinque,
430 962 636 1037 Amazonium,
659 958 864 1037 Themiscyra,
887 960 1002 1036 Sotira,
1023 959 1157 1037 Amasin,

88 1050 120 1102 11
140 1042 284 1121 Comana,
308 1063 384 1104 nunc
408 1044 533 1105 blatium.
575 1041 606 1103 4„
639 1042 748 1104 Gentes
773 1043 950 1120 Caenarum,
979 1041 1192 1121 Chalybum,1o

140 1129 277 1208 oppidum
292 1125 462 1203 Cotyorum,
478 1134 585 1204 gentes
599 1125 748 1204 Tibareni,
763 1127 890 1204 blassyni
906 1130 984 1187 notis
1001 1129 1157 1205 signantes

141 1229 278 1290 corpora,
292 1229 367 1287 gens
385 1209 613 1290 Macrocephali,
630 1211 766 1290 oppidum
782 1209 924 1289 Cerasus,
938 1220 1043 1290 portus
1063 1210 1157 1272 Chor-

140 1295 224 1371 dulc,
240 1302 345 1370 gentes
360 1293 515 1370 Bechires,
533 1295 658 1371 Buxcri,
674 1296 778 1356 humen
792 1295 897 1373 Helas,
912 1314 986 1373 gens
999 1294 1157 1357 blachoro-

140 1397 209 1454 nes,
232 1377 332 1437 Sidoni
354 1377 518 1456 llumenque
540 1379 676 1439 Sidenum
697 1397 755 1458 quo
770 1380 895 1439 adluitur
914 1379 1053 1458 oppidum
1068 1378 1158 1440 Pole-

139 1464 265 1524 monium
281 1463 317 1522 ab
334 1461 436 1522 Amiso
452 1461 532 1522 CXX
547 1462 577 1522 Μ
594 1481 737 1542 passuum.
775 1463 843 1523 inde
862 1462 976 1523 ilumina
996 1462 1156 1541 Iasonium,
1170 1485 1193 1526 u

139 1545 344 1623 blelantbium,
361 1554 391 1607 et
407 1547 443 1606 ab
458 1547 560 1607 Amiso
574 1545 722 1607 LXXXH
737 1566 874 1626 passuum
888 1546 1056 1608 Pharnacea
1073 1550 1157 1627 oppi-

140 1631 221 1707 dum,
244 1629 373 1708 Tripolis
390 1631 540 1691 castellum
565 1641 596 1691 et
611 1631 732 1709 fluvios,
753 1633 823 1692 item
838 1630 1014 1708 Philocalia,
1037 1639 1070 1692 et
1091 1635 1157 1692 sine

141 1714 228 1774 lluvlo
244 1716 314 1774 item
328 1713 508 1793 Liuiopolis,
538 1724 568 1775 et
589 1713 783 1776 aPharnacea
801 1713 865 1774 CH
884 1733 1020 1794 passuum
1045 1714 1157 1794 Trape-

89 1805 123 1859 12
141 1817 191 1858 zus
208 1799 330 1859 liberum
346 1808 445 1859 monte
462 1808 545 1859 vasto
566 1798 702 1859 clausum.
738 1799 813 1860 ultra
829 1800 906 1878 quod
919 1818 994 1877 gens
1010 1800 1157 1860 Armeno-

141 1883 297 1960 chalybes,
325 1890 355 1942 et
376 1884 469 1942 maior
491 1884 630 1943 Armenia
650 1882 735 1942 XXX
755 1883 785 1944 Μ
804 1902 940 1963 passuum
960 1883 1082 1945 distans.
1122 1884 1191 1944 Iuro

141 1985 192 2027 ora
211 1976 277 2026 ante
294 1966 475 2045 Trapezunta
493 1968 598 2027 humen
615 1966 753 2045 Pyxites,
777 1966 851 2028 ultra
865 1985 937 2028 vero
954 1986 1028 2045 gens
1044 1968 1157 2028 Sanno·

141 2070 203 2109 rum
219 2049 441 2110 Heniochorum.
465 2050 571 2111 flumen
585 2050 745 2110 Absarrum
764 2070 827 2112 curn
842 2050 964 2112 castello
977 2055 1155 2129 cognomine

141 2135 170 2191 iu
184 2134 314 2192 lancibus
332 2151 349 2192 a
364 2132 550 2211 Trapezunte
568 2131 641 2193 CXL
652 2132 681 2192 Μ
696 2152 839 2211 passuum.
870 2136 942 2195 Eius
957 2135 1016 2195 loci
1033 2154 1051 2195 a
1067 2145 1154 2214 tergo

141 2216 277 2274 montium
289 2214 408 2276 Hiberia
423 2225 485 2293 cst,
501 2219 530 2276 in
545 2234 680 2277 oravero
693 2216 853 2297 Heniochi,
868 2219 1061 2299 Ampreutae,
1074 2219 1154 2297 Lazi,

141 2299 255 2358 llumina
267 2299 463 2378 Acampseon,
480 2299 547 2379 Isis,
559 2300 691 2379 biogrus,
708 2302 828 2381 Bathys,
844 2313 949 2381 gentes
966 2300 1155 2382 Colchorum,
1167 2321 1190 2362 aa

142 2384 277 2463 oppidum
291 2383 423 2462 Matium,
448 2383 553 2446 flumen
568 2384 741 2446 Heracleum
759 2396 789 2447 et
805 2388 1032 2466 promunturium
1049 2388 1156 2448 eodem

89 2474 124 2527 13
141 2470 273 2545 nomine,
288 2467 524 2548 clarissimusque
540 2469 625 2530 Ponti
641 2468 751 2530 Phasis.
791 2474 884 2532 oritur
897 2474 927 2530 in
942 2471 1090 2548 Moschis,
1106 2490 1156 2533 ua-

140 2553 255 2629 vlgatur
267 2552 425 2630 quamlibet
437 2556 548 2630 magnis
561 2555 687 2630 navigiis
701 2553 921 2616 XXXVIHHD
928 2574 1077 2635 passuum,
1086 2556 1155 2616 inde

139 2636 299 2694 minoribus
317 2635 405 2712 longo
428 2639 541 2715 spatio,
568 2638 706 2716 pontibus
724 2637 804 2699 CXX
825 2641 952 2718 pervius.
998 2638 1108 2717 oppida
1125 2643 1155 2700 in

140 2719 212 2794 ripis
240 2717 340 2775 habuit
368 2720 527 2798 conplura,
557 2721 749 2782 celeberrima
782 2723 960 2800 Tyndarida,
990 2721 1190 2802 Circaeumm

141 2798 271 2877 Cygnum
285 2808 314 2858 ct
329 2801 358 2858 in
371 2801 503 2862 faucibus
521 2804 643 2867 Phasim.
677 2807 799 2867 maxime
816 2817 911 2867 autern
924 2806 1059 2867 inclaruit
1077 2808 1155 2886 Aca,

139 2883 194 2943 XV
210 2882 239 2942 Μ
254 2901 390 2962 passuum
405 2902 421 2944 a
440 2889 511 2946 mari
520 2929 530 2964 ,
553 2887 602 2947 ubi
623 2887 735 2968 Hippos
757 2899 788 2950 ct
804 2888 939 2967 Cyaneos
961 2892 1036 2950 vasti
1053 2910 1155 2954 amnes

140 2967 291 3028 ediverso
310 2968 340 3028 in
362 2987 427 3029 euru
444 2970 601 3031 confluunt.
636 2977 710 3033 nunc
728 2973 817 3034 habet
841 2975 954 3034 Surium
976 2982 1102 3053 tanturn,
1124 2984 1155 3037 et

139 3052 232 3130 ipsum
249 3052 284 3112 ab
300 3070 383 3115 amno
397 3054 538 3117 influente
550 3056 590 3116 ibi
607 3059 839 3135 cognominatum
856 3078 947 3137 usquc
963 3077 1021 3137 quo
1037 3078 1155 3138 magna·

139 3154 201 3195 rum
222 3139 335 3198 navium
359 3156 494 3219 capacem
515 3160 582 3200 esse
604 3142 737 3202 diximus.
778 3151 809 3202 et
830 3143 903 3203 alios
920 3145 1026 3221 accipit
1046 3142 1153 3205 fluvios
1166 3161 1189 3202 ss

138 3221 334 3298 magnitudino
356 3243 535 3304 numeroque
556 3225 724 3304 mirabiles,
748 3228 825 3287 iuter
848 3244 920 3305 quos
945 3226 1092 3288 Glaucum.
1123 3231 1154 3289 in

61 3351 66 3360 .
89 3309 122 3360 14
140 3320 192 3364 oro
208 3306 271 3365 cius
287 3308 398 3369 insulae
413 3310 477 3370 sinc
492 3311 607 3370 nomine
624 3311 659 3369 ab
675 3310 807 3370 Absarro
822 3309 902 3371 LXX
914 3309 951 3370 Μ.
988 3311 1059 3372 lude
1075 3312 1154 3374 aliud

140 3384 245 3448 humen
261 3388 386 3453 Chorion
394 3435 404 3470 ,
427 3412 501 3471 gens
523 3391 632 3452 Saltiae
653 3395 777 3472 antiquis
792 3393 1002 3474 Phthirophagi
1028 3396 1098 3458 dicti
1123 3406 1154 3459 ct
