2400 3856
345 178 424 225 nan.
447 181 538 230 mrsu.
561 181 598 228 11.
621 177 740 234 aro-av.
764 173 906 247 (ao-48.)
1089 171 1129 234 91

119 328 243 408 reliquis
251 331 381 410 partibus
388 332 463 392 caeli
475 334 592 407 ignotus
600 345 656 409 est,
670 339 721 397 sed
733 357 769 398 ne
777 338 917 398 Viennam
925 338 1037 416 quidem
1053 341 1128 400 eius·

119 415 186 475 dem
202 416 371 493 provinciae
383 415 485 477 urbem
500 420 657 496 attingens,
673 422 772 498 paucis
784 429 851 481 ante
866 422 981 482 milibus
994 425 1052 500 iugi
1069 443 1129 484 mo·

114 497 175 559 dici
194 516 318 559 occursu
333 507 429 559 tantus
447 501 499 561 ille
514 510 619 562 ventus
634 505 787 564 coercitus.
813 514 843 564 et
860 514 976 565 austros
988 508 1017 565 ln
1029 507 1128 584 Aegy·

119 591 199 660 ptmn
214 591 373 661 penetrare
388 594 477 662 negat
491 585 647 663 Fabianus,
664 604 721 664 qno
734 587 765 645 lit
775 589 927 650 manifesta
943 589 992 649 len
1008 598 1128 651 naturae

94 669 216 733 eventis
234 668 367 728 etiamst
382 676 516 748 tempore
531 678 561 729 et
576 669 634 729 line
649 669 737 732 dicto.

74 815 78 823 ,
179 748 263 830 (47.)
278 751 340 810 Ver
355 769 429 829 ergo
445 753 539 831 aperit
553 754 756 830 navigantibus
772 757 871 831 maria,
887 757 969 816 cnius
985 759 1015 817 in
1032 759 1109 836 prin·
1120 766 1171 817 122

117 834 196 912 cipio
222 835 331 894 favonii
358 835 511 896 hibernum
533 835 666 897 molliunt
693 838 804 898 caelum
825 839 890 898 sole
914 843 1013 917 aquari
1035 839 1127 903 XXV.

119 919 273 996 optinente
285 926 407 997 partem.
429 923 455 979 is
468 919 531 980 dies
549 930 650 982 sextus
665 921 841 983 Februarias
853 931 919 983 ante
935 923 1029 985 idnus.
1052 923 1129 985 Gon·

117 1003 194 1079 petit
215 1003 309 1062 ferme
325 1010 356 1061 et
371 1002 428 1063 hoc
444 1005 577 1064 omnibus
595 1023 669 1083 quos
685 1005 790 1066 deinde
806 1023 911 1085 ponam
929 1026 984 1086 per
998 1009 1128 1086 singulas
1159 1080 1162 1086 .

81 1108 108 1147 10
118 1085 356 1146 intercalationes
380 1104 438 1146 nno
463 1086 511 1148 die
531 1089 754 1170 anticipantibus
778 1108 938 1169 rursusque
964 1091 1057 1152 lustro
1082 1112 1128 1152 se·

119 1170 219 1247 quenti
243 1169 374 1229 ordinem
395 1173 589 1232 servantibus.
629 1173 791 1234 Favonium
814 1174 927 1253 quidam
947 1193 973 1237 a.
997 1176 1023 1236 d.
1046 1175 1125 1237 VIII.

119 1251 255 1312 calendas
270 1251 366 1312 Martii
389 1254 573 1316 chelidonian
593 1267 699 1318 vocant
719 1258 755 1318 ab
775 1258 934 1318 hirundinis
950 1260 1033 1337 visu,
1057 1277 1128 1319 non·

119 1335 190 1396 nulli
202 1353 275 1396 vero
293 1336 448 1416 cmithian,
463 1339 499 1399 ab
512 1340 636 1401 adventu
653 1343 757 1417 avium,
775 1359 833 1401 nno
850 1350 881 1403 et
891 1342 977 1403 LXX
995 1343 1043 1404 die
1059 1352 1128 1423 post

119 1421 247 1480 brumam
260 1419 377 1480 dantem
392 1440 447 1500 per
458 1422 521 1483 dies
538 1441 654 1486 novem.
679 1426 797 1485 favonio
811 1425 971 1486 contrarius
985 1436 1031 1486 est
1041 1445 1170 1506 quemme

82 1520 109 1562 rs
119 1503 306 1564 subsolanum
318 1505 537 1584 appellavimus.
564 1507 621 1567 Dat
632 1516 774 1568 aestatem
790 1517 911 1568 exortus
923 1509 1110 1586 vergiliarum
1120 1517 1171 1568 123

117 1590 148 1647 in
166 1588 289 1648 totidem
310 1590 442 1666 partibus
462 1591 535 1650 tauri
557 1609 613 1650 sex
626 1591 729 1651 diebus
746 1599 811 1649 ante
828 1590 917 1650 Maias
932 1593 1032 1671 iduus,
1050 1592 1128 1669 quod

117 1679 234 1750 tempus
248 1675 406 1734 austrinum
422 1682 479 1751 est,
499 1674 566 1734 huic
580 1683 669 1735 vento
686 1675 888 1752 septentrione
903 1677 1059 1734 contrario.
1083 1693 1127 1734 ar-

117 1754 290 1816 deotissimo
312 1767 408 1818 antam
429 1760 550 1818 aestatis
569 1766 704 1837 tempore
727 1757 859 1817 exoritur
874 1757 1021 1818 caniculae
1047 1758 1126 1817 sidus

119 1840 184 1901 sole
207 1842 325 1919 primam
346 1850 460 1920 partem
480 1841 576 1902 leonis
599 1840 802 1918 ingrediente,
826 1841 873 1917 qui
892 1839 955 1900 dies
975 1840 1038 1901 XV.
1059 1850 1126 1900 ante

81 1938 109 1980 ac
119 1924 267 2001 Augustas
282 1924 417 1986 calendas
431 1934 485 1986 est.
507 1924 589 1986 huius
602 1933 736 1985 exortum
747 1923 850 1984 diebus
862 1932 931 1983 octo
944 1925 1036 1985 terme
1048 1926 1127 2002 aqui·

118 2007 204 2068 lones
222 2009 408 2086 antecedunt,
431 2026 504 2087 quos
519 2008 694 2088 prodromos
711 2007 869 2087 appellant.
900 2007 973 2069 Post
992 2008 1107 2068 biduum
1119 2015 1169 2067 124

118 2099 214 2150 autem
235 2101 376 2154 exortans
393 2093 480 2154 iidem
500 2094 653 2172 aquilones
677 2093 857 2153 constantius
877 2092 1001 2171 perflant
1022 2093 1126 2153 dlebus

117 2172 212 2252 XXX,
235 2194 308 2254 quos
325 2180 433 2238 etesias
455 2178 613 2257 appellant.
627 2177 746 2238 mollire
767 2193 821 2237 eos
840 2178 969 2237 creditur
985 2176 1059 2237 solis
1078 2195 1126 2237 va·

117 2277 174 2336 por
189 2261 351 2337 geminatus
366 2261 472 2322 ardore
487 2262 610 2339 sideris,
634 2279 690 2321 nec
708 2261 760 2321 nlli
776 2268 928 2321 ventorum
944 2263 1036 2338 magis
1058 2262 1125 2320 stati

82 2351 194 2402 assunt.
223 2343 295 2403 Post
313 2361 365 2404 eos
386 2363 485 2405 rursus
507 2347 598 2405 austri
619 2352 793 2421 trequentes
818 2343 963 2422 usquead
986 2341 1066 2402 sidus
1083 2361 1127 2402 ar·

117 2427 192 2487 ctnri
214 2425 290 2503 quod
316 2429 449 2485 exoritur
468 2428 601 2488 undecim
622 2426 726 2486 diebus
747 2434 816 2485 ante
842 2427 1057 2504 aequinoctium
1077 2443 1125 2483 au·

116 2509 217 2570 tumni.
248 2525 311 2566 cum
325 2507 381 2568 hoc
397 2525 484 2568 corus
500 2511 617 2588 incipit,
630 2526 718 2568 corus
733 2516 887 2568 autumnat.
910 2508 976 2567 hnic
994 2516 1040 2568 est
1058 2524 1125 2567 con·

115 2591 224 2652 trarius
240 2588 401 2651 volturnus.
424 2590 494 2651 Post
508 2591 537 2651 id
553 2593 768 2670 aequinoctium
779 2590 882 2651 diebus
897 2592 962 2651 lere
973 2599 1109 2667 quattuor
1119 2599 1168 2650 125

116 2673 360 2752 et'quadraginta
380 2674 569 2752 vergiliarum
593 2693 714 2738 occasus
736 2674 860 2735 hiemem
886 2675 1020 2752 inchoat,
1048 2675 1127 2754 quod

77 2767 231 2836 mtempns
246 2759 275 2817 in
292 2758 342 2819 III.
362 2759 445 2819 iduus
460 2757 644 2820 Novembres
666 2759 797 2820 incidere
817 2760 987 2836 consuevit,
1008 2760 1064 2819 hoc
1079 2768 1127 2819 est

116 2842 261 2920 aquilonis
282 2841 396 2903 hiberni
414 2842 591 2922 multumque
612 2844 726 2903 aestivo
743 2843 784 2902 illi
801 2843 966 2921 dissimilis,
988 2846 1070 2903 cuius
1087 2861 1124 2902 en

116 2927 241 2987 adverso
258 2935 304 2986 est
319 2927 445 2988 Africus.
477 2925 515 2986 m
537 2935 604 2987 ante
623 2927 751 2987 brumam
768 2936 864 2988 autem
885 2937 1000 3006 septem
1021 2925 1125 2985 diebus

116 3010 298 3088 totidemque
317 3020 385 3088 post
399 3030 463 3071 eam
480 3011 619 3070 sternitur
635 3028 715 3070 mare
732 3010 881 3087 alcyonum
901 3012 1032 3086 feturae,
1049 3008 1125 3068 unde

117 3111 222 3153 nomen
241 3094 304 3154 dies
325 3102 462 3171 traxere,
496 3093 641 3170 reliquom
662 3101 775 3172 tempus
804 3095 921 3154 hiemat.
949 3111 1005 3153 nec
1029 3100 1126 3151 tamen

80 3194 107 3237 as
118 3179 241 3237 saevitia
253 3186 457 3256 tempestatum
469 3175 615 3237 concludit
626 3194 714 3238 mare.
738 3179 849 3254 piratae
861 3178 982 3255 primum
995 3192 1126 3252 coegere

115 3262 218 3320 mortis
233 3261 367 3338 periculo
384 3263 414 3319 in
434 3268 557 3320 mortem
575 3278 662 3320 ruere
685 3268 715 3320 et
732 3259 854 3319 hiberna
876 3261 1005 3337 experiri
1025 3261 1125 3319 maria.

113 3359 189 3404 nunc
204 3343 282 3403 idem
296 3343 352 3403 hoc
369 3344 489 3404 avaritia
503 3345 592 3422 cogit.

181 3424 266 3510 (48.)
287 3425 450 3488 Ventorum
471 3429 556 3488 etiam
572 3425 753 3506 frigidissimi
770 3431 836 3483 sunt
852 3440 925 3484 unos
948 3440 965 3484 a
987 3434 1105 3504 septen·
1118 3431 1168 3485 121
