2400 3856
113 156 173 223 112
457 172 487 220 o.
510 173 605 219 nuum
628 171 775 221 sucnnnr

110 328 236 388 dicamus
262 345 345 406 quam
365 326 479 387 scelera
500 335 630 390 naturae.
665 337 711 406 et,
735 325 877 403 Hercule,
900 345 959 387 non
979 327 1120 388 caelestia

67 421 117 472 207
131 420 266 472 enarratu
282 411 445 472 difficiliora
456 411 574 471 fuerint.
597 411 779 471 metallorum
796 411 945 489 opulentia
956 419 1013 471 tarn
1027 414 1119 490 varia,

109 507 166 556 tam
182 496 281 573 dives,
304 503 361 556 tam
375 494 514 572 fecunda,
537 503 580 555 tot
597 495 721 555 saeculis
737 494 910 572 suboriens,
931 513 995 554 cum
1010 504 1120 556 tantum

110 580 219 641 cotidie
235 579 308 640 orbe
325 587 387 639 toto
404 579 581 658 populentur
595 580 697 656 ignes,
713 579 831 656 ruinae,
847 579 1013 656 naufragia,
1030 579 1119 658 bella,

109 663 243 741 fraudes,
260 671 367 723 tanturn
382 681 455 723 vero
470 662 584 723 luxuria
601 671 631 724 et
645 672 690 722 tot
704 661 843 722 mortales
860 671 1024 740 conterant,
1040 682 1142 740 gem-5

109 765 217 808 marum
232 750 345 825 pictura
368 755 424 807 tam
442 747 611 826 multiplex,
630 746 755 825 lapidum
771 755 828 806 tam
844 746 1008 807 discolores
1025 765 1119 808 maeu-

110 831 169 909 lae,
183 826 320 909 interque
336 849 389 892 eos
405 829 514 891 candor
529 831 649 890 alicuius
664 838 785 908 praeter
801 831 895 890 lucem
907 832 1000 890 omnia
1017 832 1118 891 exclu-

75 957 78 963 ·
111 914 199 992 dens,
215 916 421 975 medicatorum
437 915 557 974 fontium
572 915 638 992 vis,
661 915 770 990 ignium
788 923 831 972 tot
847 914 920 974 locis
937 916 1119 976 emicantium

112 1006 254 1079 perpetua
267 1008 311 1058 tot
323 998 448 1058 saeculis
459 998 602 1075 incendia,
615 999 752 1076 spirituus
762 997 867 1058 letales
879 998 967 1059 aliubi
979 1007 1028 1059 aut
1040 1017 1119 1059 scro-

111 1083 196 1142 bibus
219 1082 318 1141 emissi
340 1090 388 1141 aut
410 1083 476 1160 ipso
490 1081 547 1141 loci
571 1083 627 1141 situ
649 1079 809 1159 mortiferi,
836 1082 925 1142 aliubi
951 1083 1119 1143 volucribus
1129 1114 1153 1154 10

110 1174 230 1242 tanturn,
246 1174 276 1224 ut
289 1163 410 1224 Soracte
422 1164 517 1225 vicino
533 1165 597 1225 urbi
612 1173 715 1242 tractu,
735 1165 822 1225 aliubi
839 1174 957 1244 praeter
975 1165 1120 1226 hominem

70 1256 119 1310 208
131 1250 240 1309 ceteris
259 1249 465 1327 animantibus,
489 1266 698 1328 nonnumquam
714 1257 744 1308 et
759 1249 883 1326 homini,
904 1259 935 1309 ut
951 1252 980 1309 iu
1001 1249 1119 1311 Sinues-

110 1350 180 1394 sano
193 1350 265 1410 agro
282 1341 311 1393 et
325 1332 485 1393 Puteolano
507 1351 581 1412 quae
601 1332 747 1413 spiracula
758 1342 874 1410 vocant,
890 1333 939 1392 alii
952 1331 1117 1411 Charonea,

111 1416 233 1478 scrobes
262 1417 443 1476 mortiterum
470 1419 602 1495 spiritum
626 1416 805 1478 exhalantes.
843 1419 913 1477 item
936 1419 966 1477 in
987 1417 1118 1496 Hirpinis

109 1501 277 1580 Ampsancti
296 1500 332 1561 ad
342 1498 480 1578 blephitis
497 1500 597 1561 aedem
612 1500 708 1561 locum
726 1519 810 1580 quem
826 1502 873 1578 qui
890 1501 1039 1562 intravere
1058 1520 1152 1572 mon

109 1587 240 1663 riuntur,
257 1584 342 1645 simili
358 1584 443 1644 modo
459 1583 608 1663 Hierapoli
625 1586 655 1644 in
670 1583 742 1644 Asia
757 1583 856 1644 hlatris
873 1593 980 1644 tantum
994 1584 1118 1662 Magnae

110 1670 258 1729 sacerdoti
274 1670 429 1728 innoxium.
460 1668 548 1728 aliubi
569 1668 678 1729 fatidici
695 1686 838 1746 specuus,
865 1686 986 1745 quorum
1002 1669 1119 1729 exhala-

110 1754 190 1812 tione
206 1752 356 1831 temulenti
372 1753 467 1812 lutura
482 1753 663 1831 praecinant,-
676 1760 707 1810 ut
722 1752 845 1830 Delphis
859 1752 1042 1813 nobilissimo
1055 1770 1119 1813 ora·

108 1833 198 1897 culo.⁴
217 1834 328 1907 Quibus
344 1837 372 1895 in
386 1836 475 1896 rebus
495 1836 562 1914 quid
577 1838 672 1915 possit
693 1835 769 1895 aliud
789 1854 894 1895 causae
910 1837 1027 1896 adferre
1042 1855 1119 1897 mor·
1183 1842 1188 1852 “

108 1921 207 1979 talium
219 1922 360 1998 quispiam
370 1938 452 1998 quam
464 1921 585 1980 diffusae
595 1938 649 1998 per
662 1937 747 1979 omne
758 1926 878 1978 naturae
894 1919 1018 1980 subinde
1029 1921 1118 1981 aliter
1126 1947 1151 1987 20

110 2012 196 2081 atque
215 2002 301 2074 aliter
315 2022 420 2063 numen
439 2001 613 2082 erumpens?

67 2093 118 2146 209
175 2083 225 2146 94.
249 2083 331 2163 (96.)
351 2084 497 2157 Quaedam
518 2105 591 2146 vero
615 2096 712 2148 terrae
735 2087 771 2147 ad
789 2088 961 2165 ingressuus
980 2097 1118 2167 tremunt,

111 2171 186 2229 sicut
206 2170 235 2228 in
251 2167 386 2228 Caviensi
410 2188 481 2247 agro
501 2188 559 2230 non
575 2171 677 2248 procul
697 2172 769 2231 urbe
786 2172 878 2232 Roma
897 2173 1000 2251 iugera
1024 2174 1118 2233 ferme

112 2253 235 2313 ducenta
255 2254 441 2330 equitantium
459 2272 561 2331 cursu,
580 2254 714 2315 similiter
728 2257 758 2314 in
772 2256 907 2316 Reatino.

155 2336 205 2399 95.
224 2334 370 2407 Quaedam
381 2336 493 2398 insulae
505 2355 622 2416 semper
634 2336 817 2415 lluctuantur,
833 2340 908 2398 sicut
918 2341 948 2399 in
959 2356 1031 2418 agro
1046 2339 1153 2407 Cae-an

110 2422 185 2483 cubo
205 2430 234 2481 et
252 2420 355 2481 eodem
367 2420 503 2500 Reatino,
519 2420 686 2499 Mutinensi,
702 2422 891 2500 Statoniensi,
906 2425 935 2482 in
948 2423 1117 2485 Vadimonis

112 2506 193 2580 lacu,
220 2505 255 2564 ad
281 2502 403 2564 Cutilias
424 2524 511 2583 aquas
536 2524 626 2584 opaca
642 2507 716 2565 silva
740 2525 813 2584 quae
836 2525 986 2586 numquam
1013 2509 1061 2569 die
1084 2528 1117 2570 ac

111 2597 198 2647 nocte
215 2587 318 2647 eodem
333 2589 401 2648 loco
422 2591 542 2667 visitur,
561 2592 590 2648 in
604 2589 693 2665 Lydia
709 2608 782 2667 quae
796 2599 936 2650 vocantur
953 2588 1118 2653 Calaminae

110 2689 169 2729 non
184 2671 280 2728 ventis
301 2671 393 2729 solum
410 2672 462 2732 sed
480 2675 565 2732 etiarn
584 2675 678 2731 contis
697 2691 753 2750 quo
773 2673 863 2733 libeat
879 2675 1028 2752 inpulsae,
1047 2676 1117 2737 mul-

65 2830 68 2837 Δ
110 2753 324 2812 torumcivium
338 2752 531 2814 Mithridatico
551 2755 733 2816 bellosalus.
768 2765 881 2817 suntet
900 2757 1150 2838 ianmphaeoac

109 2854 236 2915 parvae,
267 2833 394 2895 Saliares
417 2835 528 2914 dictae,
555 2839 689 2916 quoniam
710 2842 739 2898 in
762 2841 950 2918 symphoniae
974 2852 1059 2903 cantu
1081 2844 1117 2904 ad

108 2923 203 2980 ictuus
230 2918 433 2979 modulantium
454 2921 558 2999 pedum
579 2931 740 2984 moventur.
776 2926 809 2983 in·
828 2923 1030 3002 Tarquiniensi
1051 2927 1116 2987 lacu

108 3022 213 3082 magno
225 3003 326 3064 ltaliae
340 3003 413 3063 duae
422 3022 540 3064 nemora
552 3007 767 3084 circumferunt,
776 3025 852 3067 nunc
862 3009 1032 3085 triquetram
1045 3010 1116 3088 ligu-

108 3107 168 3147 ram
189 3088 310 3149 edentes
330 3105 404 3147 nunc
423 3087 575 3148 rotundam
600 3090 747 3168 conplexu
768 3093 864 3151 ventis
893 3092 1134 3172 inpellentibus,

110 3172 277 3248 quadratam
295 3189 453 3250 numquam.
639 3200 643 3207 ·
1124 3197 1149 3241 ω

66 3262 117 3311 210
173 3253 224 3316 96.
247 3253 328 3334 (97.)
352 3253 478 3316 Celebre
499 3257 594 3316 fanum
615 3257 704 3318 habet
727 3259 853 3319 Veneris
869 3259 1002 3338 Paphos,
1023 3263 1053 3320 in
1068 3280 1115 3321 cu-

109 3337 154 3395 ius
177 3338 315 3414 quandam
331 3357 408 3399 aram
429 3356 488 3399 non
504 3340 625 3420 inpluit,
649 3343 718 3402 item
737 3344 766 3401 in
781 3342 845 3402 Nea
855 3345 974 3422 oppido
991 3343 1115 3405 Troadis
