2400 3856
322 181 403 230 nar.
425 184 515 233 aaran.
539 184 562 231 1.
586 174 673 247 (arn.
696 188 786 234 xrrrr.
810 176 880 249 xv.)
1066 170 1107 235 27

93 335 218 414 primum
233 336 292 395 uini
304 346 441 415 quattuor
453 355 564 414 genera
572 340 680 417 posita.
707 338 778 417 (18)
791 360 829 400 ex
840 340 973 401 labrusca
982 339 1107 402 usunsV.

95 421 144 497 qui
160 419 365 497 frigidissimus
380 430 482 481 natura
493 440 590 481 sucus.
616 421 688 500 (19)
700 425 758 482 vini
769 424 866 484 ficticii
882 443 991 502 genera
1003 423 1107 486 uxvl.

94 500 168 581 (20)
188 502 351 579 hydromeli
367 507 431 565 sive
453 505 578 584 apomeli
594 507 657 567 sive
671 506 853 584 melicraton,
876 506 950 587 (21)
969 509 1106 584 oxymeli.

93 583 167 665 (22)
179 588 238 647 vini
253 589 416 666 prodigiosi
429 607 540 667 genera
552 588 616 654 ΧΠ.
639 587 711 669 (23)
723 591 827 669 quihus
839 593 915 651 vinis
928 592 962 652 ad
973 611 1054 652 sacra
1065 594 1107 652 uti

67 672 137 733 sies
149 688 209 731 non
221 672 270 731 sit.
294 669 360 749 (24.
371 669 440 750 25.)
452 675 555 752 quihus
568 674 727 751 generibus
736 683 828 733 musta
840 676 975 735 condiant
986 669 1058 758 (25.
1071 675 1108 735 de

93 755 173 833 pice,
189 753 330 843 resinis).
362 755 434 834 (26)
449 758 486 818 de
502 767 599 835 aceto,
620 757 657 818 de
672 759 766 818 faece.
797 755 869 837 (27)
885 758 921 818 de
936 762 1015 818 vasis
1030 761 1108 819 vina·

94 839 158 915 riis,
174 836 212 898 de
228 839 322 899 cellis.
359 838 431 919 (28)
453 841 489 901 de
505 841 659 902 ebrietate.
695 839 767 920 (29)
788 861 826 902 ex
841 859 915 921 aqna
931 851 961 902 et
976 842 1108 918 frugibus

92 923 152 981 uini
169 924 226 981 rim
241 923 316 983 lieri.
346 923 475 985 Summa:
491 945 541 985 res
558 935 588 986 et
604 926 744 986 historiae
760 933 790 985 et
806 926 1030 985 observationes
1044 924 1106 984 DX.

158 1003 205 1066 Ex
219 1007 405 1069 auctoribus:
429 1006 569 1069 Cornelio
585 1008 757 1087 Valeriano,
773 1009 919 1088 Vergilio,
936 1007 1037 1084 Celso,
1055 1006 1108 1069 Ca·

55 1098 166 1152 actone
182 1093 333 1168 censorio,
356 1091 490 1152 Sasernis
512 1103 596 1172 patre
617 1103 647 1153 et
666 1094 743 1168 lilio,
766 1095 884 1167 Scrofa,
906 1092 944 1153 hl.
962 1093 1108 1166 Varrone,

93 1173 128 1234 D.
146 1172 264 1252 Silano,
292 1174 384 1235 Fabio
406 1177 540 1253 Pictore,
564 1177 681 1255 Trogo,
705 1176 837 1254 Hygino,
863 1178 970 1238 Flacco
986 1176 1107 1252 Verrio,

94 1256 256 1333 Graecino,
279 1258 379 1319 Attico
400 1260 494 1337 Iulio,
519 1258 696 1337 Columella,
718 1260 845 1321 Masurio
868 1262 992 1338 Sabino,
1014 1260 1108 1322 Fene·

93 1340 195 1418 stella,
212 1341 354 1420 Pergilla,
370 1343 481 1404 hlacoio
498 1344 615 1421 Plauto,
631 1344 723 1405 Fabio
738 1345 886 1422 Dosseno,
903 1345 1056 1421 Scaevola,
1073 1344 1106 1404 L.

95 1425 197 1502 Aelio,
212 1424 303 1486 Ateio
320 1424 474 1506 Capitone,
494 1427 580 1488 Cotta
595 1428 764 1501 Messalino,
786 1427 818 1489 L.
833 1428 952 1505 Pisone,
967 1429 1107 1506 Pompeio

56 1508 228 1586 athenaeo,
243 1508 385 1589 Fabiano,
402 1511 505 1571 Sextio
520 1511 624 1588 Nigro,
641 1512 730 1571 Vibio
741 1511 856 1571 llulino.
880 1510 1036 1571 Externis:
1051 1510 1108 1571 He-

94 1592 200 1669 siodo,
224 1591 450 1673 Theophrasto,
472 1595 653 1673 Aristotele,
675 1596 861 1670 Democrito,
877 1594 1005 1654 Hierone
1021 1613 1107 1672 rege,

93 1677 295 1738 Philometore
307 1697 393 1756 rege,
406 1679 507 1739 Attalo
520 1698 603 1755 rege,
615 1679 756 1756 Archyta,
769 1678 976 1758 Xenophonte,
991 1677 1108 1755 Amphi-

95 1760 184 1821 locho
199 1760 366 1838 Athenaeo,
389 1762 546 1840 Anaxipoli
563 1762 681 1838 Thasio,
697 1763 881 1841 Apollodoro
897 1762 1026 1838 Lemnio,
1042 1761 1108 1820 Ari·

94 1845 240 1923 stephane
255 1844 385 1923 Milesio,
401 1846 550 1923 Antigono
568 1843 707 1921 Cymaeo,
729 1846 893 1922 Agathocle
910 1844 995 1921 Chio,
1016 1844 1108 1922 Apol·

55 1948 87 1992 so
96 1928 177 1988 lonio
189 1928 383 2006 Pergameno,
399 1930 571 1991 Aristandro
584 1924 874 2008 Athenaeo,[Botrye
886 1923 1108 2010 item,]Bacchio

95 2010 229 2089 Milesio,
244 2012 337 2074 Bione
352 2014 489 2087 Solense,
505 2011 638 2074 Chaerea
650 2014 842 2091 Atheniense,
859 2012 1012 2072 Chaeristo
1027 2013 1107 2089 item,

95 2094 230 2156 Diodoro
244 2095 398 2175 Prienaee,
413 2098 527 2159 Dinone
540 2097 735 2177 Colophonio,
750 2097 885 2177 Epigene
896 2097 1022 2174 Rhodio,
1034 2095 1109 2155 Dua-

94 2196 175 2257 gone
192 2179 316 2258 Thasio,
339 2180 508 2260 Euphronio
524 2183 695 2260 Athenaeo,
717 2182 899 2242 Androtione
916 2183 963 2261 qui
979 2182 1015 2241 de
1031 2183 1107 2259 agri·

95 2263 210 2324 cultura
231 2267 367 2342 scripsit,
394 2267 576 2327 Aeschrione
600 2268 648 2346 qui
664 2269 750 2343 item,
771 2265 941 2340 Lysimacho
962 2267 1010 2342 qni
1026 2267 1107 2341 item,

58 2346 239 2421 asDiongsio
257 2350 305 2426 qui
321 2348 474 2426 Magonem
487 2351 648 2427 transtulit,
671 2350 823 2427 Diophane
839 2351 885 2424 qui
907 2367 945 2407 err
964 2347 1107 2420 Dionysio

96 2432 223 2509 epitoma
243 2432 334 2508 lecit,
356 2432 532 2511 Asclepiade
553 2434 683 2509 medico,
710 2432 888 2492 Erasistrato
905 2432 994 2505 item,
1023 2427 1107 2488 Com-

94 2515 190 2575 miade
205 2517 253 2593 qui
271 2516 307 2576 de
323 2518 473 2576 conditura
492 2518 551 2575 vini
573 2518 708 2593 scripsit,
733 2512 935 2573 Aristomacho
956 2515 1004 2590 qui
1026 2514 1106 2589 item,

94 2596 214 2659 Hicesio
230 2601 278 2676 qui
294 2602 383 2678 item,
399 2600 574 2660 Themisone
590 2598 720 2676 medico,
736 2596 921 2675 Onesicrito,
939 2596 1009 2657 luha
1025 2615 1106 2674 rege.

157 2680 247 2742 Libro
262 2681 327 2744 XV.
347 2687 531 2744 continentur
545 2691 665 2743 naturae
681 2682 884 2759 frugiferarum
900 2683 1042 2743 arborum.
1071 2678 1105 2757 (1

54 2764 172 2843 ato-8)
186 2765 231 2827 De
248 2767 313 2827 olea
333 2761 487 2851 (quamdiu
503 2768 577 2847 apud
592 2766 721 2826 Graecos
744 2774 851 2825 tantum
871 2767 968 2826 inerit.
993 2764 1106 2844 qnando

91 2852 214 2931 primum
231 2850 370 2928 initalia,
386 2851 536 2932 Hispania,
557 2853 656 2911 Africa
673 2870 742 2911 esse
758 2852 899 2928 coeperit.
927 2848 958 2910 2.
975 2850 1011 2908 de
1027 2849 1104 2907 oleo.

92 2937 226 2995 nationes
245 2942 275 2994 et
290 2935 437 2996 bonitates
453 2936 522 2996 olei.
547 2934 577 2997 3.
595 2953 669 3012 quae
686 2944 787 2995 natura
803 2934 898 2994 olivae
915 2940 946 2992 et
961 2930 1019 2989 olei
1036 2931 1106 2988 inci·

91 3020 212 3097 pientia.
242 3017 272 3079 4.
291 3019 432 3080 olivarum
451 3037 562 3097 genera
577 3016 644 3078 XV.
674 3017 704 3080 5.
729 3019 765 3078 de
783 3016 969 3077 neturaolei.
1000 3012 1107 3074 6.ουί-

92 3110 154 3161 tura
172 3102 310 3165 olearum.
337 3104 373 3164 de
387 3103 538 3164 servandis
550 3101 645 3162 olivis.
670 3101 814 3180 quomodo
825 3098 986 3160 laciendum
998 3096 1104 3155 oleum.

54 3203 80 3245 an
91 3184 120 3248 7.
138 3186 197 3245 olei
213 3186 310 3246 licticii
333 3206 444 3264 genera
460 3184 591 3246 XLVIII.
614 3187 668 3245 cici
685 3185 774 3244 arbor
792 3187 854 3243 sive
876 3189 961 3240 croto
978 3181 1042 3238 sive
1059 3178 1105 3239 sili

91 3272 154 3329 sive
177 3287 322 3330 sesamon.
354 3268 385 3332 8.
406 3271 442 3331 de
465 3265 611 3354 amurca).
648 3267 785 3345 (9-34)
806 3268 958 3325 Pomorum
981 3265 1105 3322 omnium

89 3371 202 3430 genera
218 3361 249 3412 et
264 3363 364 3414 natura
382 3349 506 3438 (nucum
519 3356 667 3430 pinearum
680 3369 790 3429 genera
806 3347 872 3423 llll,
901 3345 948 3408 10.
966 3357 1106 3407 cotoneo·

89 3454 153 3497 rum
172 3454 284 3514 genera
305 3437 377 3515 1111,
404 3437 592 3497 struthiorum
610 3452 722 3513 genera
742 3432 813 3509 llll,
849 3430 897 3491 11.
920 3429 1106 3492 Persicorum
