2400 3856
318 196 397 248 unu.
418 198 508 247 nisu.
531 198 582 245 111.
605 192 689 243 7-9.
714 183 853 268 (la-14.)
1033 183 1091 245 141

83 354 112 412 in
136 351 318 428 Syracusano
341 361 480 430 potantur
502 370 593 430 agro,
615 360 717 430 portus
740 352 965 428 Naustathmus,
988 352 1093 412 flumen

84 434 219 513 Elorum,
234 439 461 514 promunturium
475 435 655 513 Pachynum,
676 455 692 495 a
711 454 765 514 qua
786 438 883 498 ironte
900 436 1019 497 Siciliae
1041 436 1091 496 flu·

84 538 149 580 men
165 519 348 598 Hyrminum,
374 520 510 598 oppidum
529 517 695 595 Camarina,
718 520 820 580 lluvius
836 519 940 596 Gelas,
956 521 1091 599 oppidum
1176 565 1185 580 „

85 606 216 681 Acragas
234 604 311 681 quod
326 605 519 681 Agrigentum
536 605 628 662 nostri
647 603 758 664 dixere.
798 603 940 665 Thermae
962 604 1135 681 colonia,90

63 688 332 765 oamnesAebates,
343 687 471 761 Mazara,
481 686 748 765 Hypsa,Seliuuus,
761 688 897 767 oppidum
910 687 1091 765 Lilybaeum,

86 772 121 831 ab
141 789 178 831 eo
196 774 441 849 promunturium,
456 771 609 848 Drepana,
629 789 712 830 mons
727 770 825 849 Eryx,
845 770 951 850 oppida
966 771 1093 830 Panhor-

84 874 170 931 mum,
182 854 300 930 Soluus,
312 854 428 915 Himera
441 874 503 915 cum
517 855 618 930 lluvio,
629 852 836 933 Cephaloedis,
849 854 1093 930 Aluntium,Aga·

86 939 229 1016 thymum,
247 938 387 1015 Tyndaris
402 940 531 1015 colonia,
548 938 683 1017 oppidum
697 937 793 1017 Mylae
811 948 841 999 et
855 939 930 998 unde
943 940 1092 1015 coepimus

85 1021 226 1083 Pelorias.
265 1025 340 1082 intus
355 1023 473 1084 Latinae
489 1023 670 1083 condicionis
690 1019 891 1102 Centuripini,
907 1021 1022 1098 Netini,
1039 1020 1135 1083 Selii

51 1109 217 1184 nogestani,
235 1107 414 1185 stipendiarii
430 1109 579 1184 Assorini,
595 1106 775 1182 Aetnenses,
791 1107 927 1185 Agyrini,
942 1106 1094 1183 Acestaei,

85 1191 253 1267 Aurenses,
278 1190 390 1269 Bidini,
415 1189 561 1269 Getarini,
590 1189 740 1268 Gacyrini,
767 1191 974 1269 Drepanitaui,
1001 1189 1094 1267 Erge-

86 1276 154 1348 tini,
170 1273 393 1352 Echetlienses,
413 1274 547 1352 Erycini,
569 1273 727 1352 Entellini,
751 1274 854 1350 Enini,
874 1275 1016 1354 Egguini,
1038 1272 1093 1334 Ge·

86 1358 160 1433 lani,
185 1354 332 1417 Galacteui
347 1357 494 1433 Halesini,
514 1357 706 1431 Hennenses,
732 1357 915 1434 Hybleuses,
939 1357 1095 1418 Herbiten-

87 1460 154 1517 ses,
175 1439 413 1517 Herbessenses,
433 1440 651 1517 Herbulenses,
672 1439 878 1518 Halicyenses,
896 1441 1094 1519 Hadranitani,

53 1540 78 1580 15
88 1525 304 1602 macarenses,
328 1524 509 1603 lpanenses,
529 1524 682 1601 letenses,
702 1524 915 1597 Mutustratini,
934 1523 1094 1602 Magellini,

86 1607 280 1684 Murgentini,
300 1607 506 1686 Mutycenses,
527 1607 690 1684 Menanini,
716 1607 817 1684 Naxii,
840 1606 951 1684 Noini,
972 1606 1094 1684 Petrini,

87 1692 236 1769 Paropini,
251 1692 448 1770 Phintienses,
465 1692 645 1766 Semelitani,
656 1690 844 1768 -Sesebterni,
861 1693 1025 1755 Selinuntii,
1043 1690 1096 1769 Sy·

86 1776 220 1852 maetbii‚
238 1774 431 1852 Talareuses,
448 1775 653 1852 Tissinenscs,
670 1775 845 1852 Triocalini,
869 1775 1095 1852 Tyracinenses,

88 1858 222 1918 Zanclaei
238 1858 451 1920 Messeniorum
468 1862 497 1919 in
514 1858 612 1919 Siculo
632 1860 720 1919 lreto.
758 1858 831 1919 Sunt
870 1858 981 1918 insulae
1016 1861 1138 1919 Afri-aa

52 1959 149 2002 accam
168 1962 272 2002 versae
289 1941 414 2020 Gaulos,
429 1942 530 2004 Melita
549 1963 564 2004 a
582 1942 732 2004 Camerina
747 1941 912 2003 LXXXVII
925 1942 955 2002 H
970 1961 1064 2020 pass„
1080 1961 1097 2004 a

87 2026 229 2103 Lilybaeo
246 2025 352 2104 cxlii,
371 2025 495 2106 Cosyra,
513 2026 727 2106 Hierunnesos,
745 2026 856 2104 Caene,
875 2025 986 2102 Halata,
1004 2026 1096 2104 Lepa-

87 2112 175 2187 dusa,
196 2110 327 2172 Aethusa
348 2131 431 2191 quam
460 2113 508 2173 alii
533 2111 681 2191 Aegusam
705 2113 905 2191 scripserunt,
934 2111 1045 2171 Bucion
1066 2120 1096 2172 et

86 2195 239 2257 aSolunte
253 2195 360 2256 LXXV
373 2196 402 2256 M
427 2196 591 2274 Osteodes,
616 2205 776 2275 contraque
797 2196 960 2274 Paropinos
983 2195 1094 2255 Ustica.

86 2282 158 2338 citra
178 2298 249 2339 vero
265 2279 392 2339 Siciliam
415 2300 453 2340 ex
474 2280 599 2340 adverso
622 2279 745 2341 Metauri
768 2281 857 2340 amnis
878 2279 962 2340 XXV
980 2280 1095 2339 milibus

52 2364 179 2421 aslerme
197 2381 273 2440 pass.
296 2365 331 2422 ab
350 2363 432 2423 ltalia
445 2363 500 2423 Vll
521 2364 666 2439 Aeoliae,
688 2365 853 2442 appellatae
876 2363 995 2423 eaedem
1012 2361 1095 2440 Lipa-

86 2462 232 2521 raeorum,
249 2445 480 2524 Hephaestiades
497 2444 657 2522 aGraeois,
674 2449 811 2506 anostris
826 2445 998 2520 Volcaniae,
1017 2445 1096 2505 Aeo·

86 2529 154 2603 liae,
174 2529 250 2607 quod
266 2527 379 2588 Aeolus
397 2529 493 2589 lliacis
513 2525 694 2607 temporibus
714 2528 754 2588 ibi
771 2532 916 2605 regnavit.
943 2527 971 2589 9.
988 2527 1139 2606 liparam

87 2630 149 2672 cum
175 2611 284 2672 civium'
299 2612 493 2672 Romanorum
520 2612 645 2690 oppido,
674 2612 749 2672 dicta
775 2633 791 2673 a
815 2612 921 2692 Liparo
947 2631 1020 2690 rege
1046 2615 1093 2691 qui

47 2741 49 2745 -
88 2698 232 2756 successit
251 2696 361 2772 Aeolo,
378 2707 461 2758 antea
476 2695 634 2774 Milogonis
651 2695 702 2763 vel,
714 2695 869 2774 Meligunis
888 2699 1031 2773 vocitata,
1048 2698 1096 2758 ab·

53 2800 79 2839 ao
90 2791 135 2841 est
147 2778 271 2841 XXVM
287 2798 363 2858 pass.
381 2781 416 2840 ab
429 2780 522 2854 ltalia,
539 2783 601 2859 ipsa
618 2781 740 2840 circuitu
755 2781 842 2858 paulo
859 2784 953 2841 minor
966 2780 1032 2841 VM.
1055 2784 1095 2841 in·

88 2875 133 2924 ter
143 2865 217 2924 banc
231 2872 261 2924 et
271 2865 396 2925 Siciliam
404 2864 495 2925 altera
506 2873 592 2924 antea
600 2863 739 2924 Tberasia
749 2864 905 2944 appellata,
914 2884 988 2926 nunc
995 2865 1095 2938 Hiera,

88 2951 154 3026 quia
167 2949 387 3007 sacraVolcano
406 2958 451 3008 est
470 2949 547 3008 colle
570 2950 599 3008 in
618 2967 653 3009 ea
670 2957 826 3008 nocturnas
843 2958 998 3009 evomente
1020 2948 1096 3007 llam·

86 3049 155 3090 mas.
169 3031 255 3088 tertia
264 3028 422 3105 Strongyle
434 3046 451 3086 a
462 3025 634 3105 Lipara**M
649 3050 725 3110 pass.
743 3033 778 3092 ad
796 3041 929 3092 exortum
942 3032 1014 3090 solis
1030 3052 1095 3092 ver·
1104 3038 1138 3091 til

88 3134 175 3192 gens,
191 3115 221 3172 in
237 3132 292 3189 qua
308 3115 440 3191 regnavit
452 3113 576 3191 Aeolus,
589 3133 663 3192 quae
674 3135 690 3175 a
702 3115 806 3195 Lipara
819 3115 974 3194 liquidiore
988 3124 1095 3176 tantum

53 3218 78 3259 ao
92 3201 202 3259 llamma
214 3196 348 3273 diliert,e
361 3199 442 3256 cuius
454 3199 532 3257 lumo
544 3201 656 3276 quinam
667 3200 760 3260 {laturi
774 3202 920 3260 sintveuti
934 3201 961 3258 in
975 3199 1096 3260 triduum

87 3284 259 3362 praedicere
288 3281 401 3341 incolae
422 3280 589 3358 traduntur,
616 3284 691 3344 unde
713 3293 816 3344 ventos
840 3282 936 3345 Aeolo
962 3286 1095 3360 paruisse

88 3370 288 3427 existimatum.
312 3374 412 3444 quarta
429 3364 551 3442 Didyme
569 3369 662 3426 minor
681 3387 762 3444 qrrzrm
778 3367 892 3444 Lipara.
921 3369 1017 3446 quinta
1036 3367 1096 3426 liri·

88 3455 190 3532 pbusa,
203 3464 286 3516 sexta
302 3453 483 3515 Phoenicusa
499 3455 605 3532 pabulo
627 3457 819 3533 proximarum
835 3453 966 3514 relictae.
997 3453 1094 3513 novis·
