<?xml version="1.0" encoding="UTF-8"?>
<!DOCTYPE html PUBLIC "-//W3C//DTD XHTML 1.0 Transitional//EN"
    "http://www.w3.org/TR/xhtml1/DTD/xhtml1-transitional.dtd">
<html xmlns="http://www.w3.org/1999/xhtml" xml:lang="en" lang="en">
 <head>
  <title>
</title>
<meta http-equiv="Content-Type" content="text/html;charset=utf-8" />
  <meta name='ocr-system' content='tesseract 3.04.00' />
  <meta name='ocr-capabilities' content='ocr_page ocr_carea ocr_par ocr_line ocrx_word'/>
</head>
<body>
  <div class='ocr_page' id='page_1' title='image "./cplinisecundina07plingoog_0298.png"; bbox 0 0 2400 3856; ppageno 0'>
   <div class='ocr_carea' id='block_1_1' title="bbox 300 182 1070 267">
    <p class='ocr_par' dir='ltr' id='par_1_1' title="bbox 300 182 1070 267">
     <span class='ocr_line' id='line_1_1' title="bbox 300 182 1070 267; baseline -0.009 -16"><span class='ocrx_word' id='word_1_1' title='bbox 300 203 380 251; x_wconf 80' lang='lat' dir='ltr'><strong>nar.</strong></span> <span class='ocrx_word' id='word_1_2' title='bbox 396 203 487 253; x_wconf 77' lang='lat' dir='ltr'><strong>rursu.</strong></span> <span class='ocrx_word' id='word_1_3' title='bbox 502 203 533 249; x_wconf 92' lang='lat' dir='ltr'><strong>v.</strong></span> <span class='ocrx_word' id='word_1_4' title='bbox 555 195 674 248; x_wconf 78' lang='lat' dir='ltr'><strong>ato-al.</strong></span> <span class='ocrx_word' id='word_1_5' title='bbox 691 187 831 267; x_wconf 81' lang='lat' dir='ltr'><strong>(aa-ac.)</strong></span> <span class='ocrx_word' id='word_1_6' title='bbox 1008 182 1070 245; x_wconf 78' lang='lat'><strong>211</strong></span> 
     </span>
    </p>
   </div>
   <div class='ocr_carea' id='block_1_2' title="bbox 20 353 1139 3565">
    <p class='ocr_par' dir='ltr' id='par_1_2' title="bbox 60 353 1124 685">
     <span class='ocr_line' id='line_1_2' title="bbox 61 353 1071 436; baseline -0.005 -19"><span class='ocrx_word' id='word_1_7' title='bbox 61 358 138 436; x_wconf 89' lang='lat' dir='ltr'><strong>quod</strong></span> <span class='ocrx_word' id='word_1_8' title='bbox 160 365 205 417; x_wconf 87' lang='lat' dir='ltr'><strong>est</strong></span> <span class='ocrx_word' id='word_1_9' title='bbox 228 356 263 416; x_wconf 94' lang='lat' dir='ltr'><strong>ad</strong></span> <span class='ocrx_word' id='word_1_10' title='bbox 284 373 434 432; x_wconf 89' lang='lat' dir='ltr'><strong>occasum,</strong></span> <span class='ocrx_word' id='word_1_11' title='bbox 460 355 664 416; x_wconf 75' lang='lat' dir='ltr'><strong>Artemidorus</strong></span> <span class='ocrx_word' id='word_1_12' title='bbox 687 353 787 414; x_wconf 86' lang='lat' dir='ltr'><strong>CLXll</strong></span> <span class='ocrx_word' id='word_1_13' title='bbox 809 353 881 432; x_wconf 83' lang='lat' dir='ltr'><strong>MD,</strong></span> <span class='ocrx_word' id='word_1_14' title='bbox 909 353 1071 413; x_wconf 84' lang='lat' dir='ltr'><strong>Timosthe-</strong></span> 
     </span>
     <span class='ocr_line' id='line_1_3' title="bbox 60 435 1072 514; baseline -0.005 -14"><span class='ocrx_word' id='word_1_15' title='bbox 60 461 113 500; x_wconf 86' lang='lat' dir='ltr'><strong>nes</strong></span> <span class='ocrx_word' id='word_1_16' title='bbox 133 438 220 502; x_wconf 86' lang='lat' dir='ltr'><strong>CClll.</strong></span> <span class='ocrx_word' id='word_1_17' title='bbox 261 448 392 500; x_wconf 87' lang='lat' dir='ltr'><strong>vocatam</strong></span> <span class='ocrx_word' id='word_1_18' title='bbox 410 447 495 498; x_wconf 90' lang='lat' dir='ltr'><strong>antea</strong></span> <span class='ocrx_word' id='word_1_19' title='bbox 511 438 698 498; x_wconf 79' lang='lat' dir='ltr'><strong>Acamantida</strong></span> <span class='ocrx_word' id='word_1_20' title='bbox 716 436 901 514; x_wconf 83' lang='lat' dir='ltr'>Philonides,</span> <span class='ocrx_word' id='word_1_21' title='bbox 928 435 1072 497; x_wconf 90' lang='lat' dir='ltr'><strong>Cerastim</strong></span> 
     </span>
     <span class='ocr_line' id='line_1_4' title="bbox 60 519 1072 601; baseline -0.005 -18"><span class='ocrx_word' id='word_1_22' title='bbox 60 524 234 601; x_wconf 83' lang='lat' dir='ltr'><strong>Xenagoras</strong></span> <span class='ocrx_word' id='word_1_23' title='bbox 257 531 287 584; x_wconf 92' lang='lat' dir='ltr'><strong>et</strong></span> <span class='ocrx_word' id='word_1_24' title='bbox 301 522 454 600; x_wconf 85' lang='lat' dir='ltr'><strong>Aspeliam</strong></span> <span class='ocrx_word' id='word_1_25' title='bbox 474 531 504 582; x_wconf 93' lang='lat' dir='ltr'><strong>et</strong></span> <span class='ocrx_word' id='word_1_26' title='bbox 518 521 715 582; x_wconf 89' lang='lat' dir='ltr'><strong>Amathusiam</strong></span> <span class='ocrx_word' id='word_1_27' title='bbox 733 530 763 580; x_wconf 91' lang='lat' dir='ltr'><strong>et</strong></span> <span class='ocrx_word' id='word_1_28' title='bbox 784 519 954 596; x_wconf 86' lang='lat' dir='ltr'><strong>blacariam,</strong></span> <span class='ocrx_word' id='word_1_29' title='bbox 982 520 1072 599; x_wconf 89' lang='lat' dir='ltr'><strong>Asty-</strong></span> 
     </span>
     <span class='ocr_line' id='line_1_5' title="bbox 60 603 1124 685; baseline -0.009 -17"><span class='ocrx_word' id='word_1_30' title='bbox 60 626 161 668; x_wconf 91' lang='lat' dir='ltr'><strong>nomus</strong></span> <span class='ocrx_word' id='word_1_31' title='bbox 180 605 310 685; x_wconf 89' lang='lat' dir='ltr'><strong>Crypton</strong></span> <span class='ocrx_word' id='word_1_32' title='bbox 334 615 364 665; x_wconf 93' lang='lat' dir='ltr'><strong>et</strong></span> <span class='ocrx_word' id='word_1_33' title='bbox 389 604 530 666; x_wconf 77' lang='lat' dir='ltr'><strong>Colinian.</strong></span> <span class='ocrx_word' id='word_1_34' title='bbox 569 605 675 683; x_wconf 93' lang='lat' dir='ltr'><strong>oppida</strong></span> <span class='ocrx_word' id='word_1_35' title='bbox 694 607 722 664; x_wconf 93' lang='lat' dir='ltr'><strong>in</strong></span> <span class='ocrx_word' id='word_1_36' title='bbox 739 622 774 663; x_wconf 87' lang='lat' dir='ltr'><strong>ea</strong></span> <span class='ocrx_word' id='word_1_37' title='bbox 791 603 857 681; x_wconf 86' lang='lat' dir='ltr'><strong>XV,</strong></span> <span class='ocrx_word' id='word_1_38' title='bbox 872 603 1124 681; x_wconf 83' lang='lat' dir='ltr'><strong>Neapaphos,130</strong></span> 
     </span>
    </p>

    <p class='ocr_par' dir='ltr' id='par_1_3' title="bbox 24 686 1139 1085">
     <span class='ocr_line' id='line_1_6' title="bbox 24 686 1072 769; baseline -0.002 -23"><span class='ocrx_word' id='word_1_39' title='bbox 24 706 37 746; x_wconf 78' lang='lat' dir='ltr'><strong>c</strong></span> <span class='ocrx_word' id='word_1_40' title='bbox 60 691 273 769; x_wconf 82' lang='lat' dir='ltr'><strong>Palaepaphos,</strong></span> <span class='ocrx_word' id='word_1_41' title='bbox 291 688 409 766; x_wconf 87' lang='lat' dir='ltr'><strong>Curias,</strong></span> <span class='ocrx_word' id='word_1_42' title='bbox 424 687 545 766; x_wconf 89' lang='lat' dir='ltr'><strong>Citium,</strong></span> <span class='ocrx_word' id='word_1_43' title='bbox 562 686 751 763; x_wconf 78' lang='lat' dir='ltr'><strong>Corinaeum,</strong></span> <span class='ocrx_word' id='word_1_44' title='bbox 765 687 905 763; x_wconf 78' lang='lat' dir='ltr'><strong>Salamin,</strong></span> <span class='ocrx_word' id='word_1_45' title='bbox 921 686 1072 763; x_wconf 81' lang='lat' dir='ltr'><strong>Amathus,</strong></span> 
     </span>
     <span class='ocr_line' id='line_1_7' title="bbox 60 768 1139 853; baseline -0.006 -19"><span class='ocrx_word' id='word_1_46' title='bbox 60 774 225 853; x_wconf 87' lang='lat' dir='ltr'><strong>Lapethos,</strong></span> <span class='ocrx_word' id='word_1_47' title='bbox 254 773 364 850; x_wconf 91' lang='lat' dir='ltr'><strong>Soloe,</strong></span> <span class='ocrx_word' id='word_1_48' title='bbox 392 773 546 849; x_wconf 86' lang='lat' dir='ltr'><strong>Tamasos,</strong></span> <span class='ocrx_word' id='word_1_49' title='bbox 571 770 761 849; x_wconf 85' lang='lat' dir='ltr'><strong>Epidaurum,</strong></span> <span class='ocrx_word' id='word_1_50' title='bbox 790 768 906 848; x_wconf 90' lang='lat' dir='ltr'><strong>Chytri,</strong></span> <span class='ocrx_word' id='word_1_51' title='bbox 933 770 1073 847; x_wconf 85' lang='lat' dir='ltr'><strong>Arsinoe,</strong></span> <span class='ocrx_word' id='word_1_52' title='bbox 1135 828 1139 835; x_wconf 78' lang='grc'><strong>,</strong></span> 
     </span>
     <span class='ocr_line' id='line_1_8' title="bbox 62 853 1071 937; baseline -0.005 -19"><span class='ocrx_word' id='word_1_53' title='bbox 62 857 248 937; x_wconf 82' lang='lat' dir='ltr'><strong>Carpasium,</strong></span> <span class='ocrx_word' id='word_1_54' title='bbox 271 854 395 936; x_wconf 82' lang='lat' dir='ltr'><strong>Golgoe.</strong></span> <span class='ocrx_word' id='word_1_55' title='bbox 427 858 512 917; x_wconf 86' lang='lat' dir='ltr'><strong>luere</strong></span> <span class='ocrx_word' id='word_1_56' title='bbox 529 863 559 916; x_wconf 90' lang='lat' dir='ltr'><strong>et</strong></span> <span class='ocrx_word' id='word_1_57' title='bbox 575 855 615 914; x_wconf 90' lang='lat' dir='ltr'><strong>ibi</strong></span> <span class='ocrx_word' id='word_1_58' title='bbox 631 853 764 932; x_wconf 77' lang='lat' dir='ltr'><strong>Cinyria,</strong></span> <span class='ocrx_word' id='word_1_59' title='bbox 780 853 925 931; x_wconf 84' lang='lat' dir='ltr'><strong>illareum,</strong></span> <span class='ocrx_word' id='word_1_60' title='bbox 943 853 1071 914; x_wconf 88' lang='lat' dir='ltr'><strong>ldalium.</strong></span> 
     </span>
     <span class='ocr_line' id='line_1_9' title="bbox 61 937 1073 1017; baseline -0.005 -15"><span class='ocrx_word' id='word_1_61' title='bbox 61 943 146 1002; x_wconf 88' lang='lat' dir='ltr'><strong>abest</strong></span> <span class='ocrx_word' id='word_1_62' title='bbox 168 942 204 1002; x_wconf 93' lang='lat' dir='ltr'><strong>ab</strong></span> <span class='ocrx_word' id='word_1_63' title='bbox 226 942 386 1002; x_wconf 89' lang='lat' dir='ltr'><strong>Anemurio</strong></span> <span class='ocrx_word' id='word_1_64' title='bbox 411 939 531 1001; x_wconf 83' lang='lat' dir='ltr'><strong>Ciliciae</strong></span> <span class='ocrx_word' id='word_1_65' title='bbox 555 938 577 999; x_wconf 88' lang='lat' dir='ltr'>L</span> <span class='ocrx_word' id='word_1_66' title='bbox 597 938 627 997; x_wconf 99' lang='grc' dir='ltr'><strong>Μ</strong></span> <span class='ocrx_word' id='word_1_67' title='bbox 647 956 722 1016; x_wconf 90' lang='lat' dir='ltr'><strong>pass.</strong></span> <span class='ocrx_word' id='word_1_68' title='bbox 757 937 838 998; x_wconf 88' lang='lat' dir='ltr'><strong>lllare</strong></span> <span class='ocrx_word' id='word_1_69' title='bbox 860 957 917 1016; x_wconf 89' lang='lat' dir='ltr'><strong>quo</strong></span> <span class='ocrx_word' id='word_1_70' title='bbox 938 947 1073 1017; x_wconf 88' lang='lat' dir='ltr'><strong>praeten-</strong></span> 
     </span>
     <span class='ocr_line' id='line_1_10' title="bbox 62 1021 1074 1085; baseline -0.002 0"><span class='ocrx_word' id='word_1_71' title='bbox 62 1027 136 1085; x_wconf 88' lang='lat' dir='ltr'><strong>ditur</strong></span> <span class='ocrx_word' id='word_1_72' title='bbox 157 1035 263 1085; x_wconf 85' lang='lat' dir='ltr'><strong>vocant</strong></span> <span class='ocrx_word' id='word_1_73' title='bbox 280 1024 396 1085; x_wconf 92' lang='lat' dir='ltr'><strong>Aulona</strong></span> <span class='ocrx_word' id='word_1_74' title='bbox 418 1023 558 1084; x_wconf 89' lang='lat' dir='ltr'><strong>Cilicium.</strong></span> <span class='ocrx_word' id='word_1_75' title='bbox 595 1022 628 1083; x_wconf 90' lang='lat' dir='ltr'><strong>ln</strong></span> <span class='ocrx_word' id='word_1_76' title='bbox 650 1021 754 1082; x_wconf 91' lang='lat' dir='ltr'><strong>eodem</strong></span> <span class='ocrx_word' id='word_1_77' title='bbox 777 1024 833 1081; x_wconf 93' lang='lat' dir='ltr'><strong>situ</strong></span> <span class='ocrx_word' id='word_1_78' title='bbox 850 1022 958 1082; x_wconf 88' lang='lat' dir='ltr'><strong>Eleusa</strong></span> <span class='ocrx_word' id='word_1_79' title='bbox 979 1021 1074 1083; x_wconf 89' lang='lat' dir='ltr'><strong>insula</strong></span> 
     </span>
    </p>

    <p class='ocr_par' dir='ltr' id='par_1_4' title="bbox 24 1103 1123 1519">
     <span class='ocr_line' id='line_1_11' title="bbox 24 1103 1111 1186; baseline 0.001 -23"><span class='ocrx_word' id='word_1_80' title='bbox 24 1125 47 1164; x_wconf 84' lang='grc' dir='ltr'><strong>ιο</strong></span> <span class='ocrx_word' id='word_1_81' title='bbox 62 1118 125 1186; x_wconf 90' lang='lat' dir='ltr'><strong>est,</strong></span> <span class='ocrx_word' id='word_1_82' title='bbox 151 1118 181 1169; x_wconf 87' lang='lat' dir='ltr'><strong>et</strong></span> <span class='ocrx_word' id='word_1_83' title='bbox 200 1108 257 1169; x_wconf 92' lang='lat' dir='ltr'><strong>llll</strong></span> <span class='ocrx_word' id='word_1_84' title='bbox 285 1116 352 1169; x_wconf 90' lang='lat' dir='ltr'><strong>ante</strong></span> <span class='ocrx_word' id='word_1_85' title='bbox 374 1110 602 1186; x_wconf 88' lang='lat' dir='ltr'><strong>promunturium</strong></span> <span class='ocrx_word' id='word_1_86' title='bbox 632 1125 670 1166; x_wconf 88' lang='lat' dir='ltr'><strong>ex</strong></span> <span class='ocrx_word' id='word_1_87' title='bbox 689 1106 814 1165; x_wconf 88' lang='lat' dir='ltr'><strong>adverso</strong></span> <span class='ocrx_word' id='word_1_88' title='bbox 836 1106 938 1182; x_wconf 78' lang='lat' dir='ltr'><strong>Syriae</strong></span> <span class='ocrx_word' id='word_1_89' title='bbox 962 1103 1073 1182; x_wconf 89' lang='lat' dir='ltr'><strong>Clides‚</strong></span> <span class='ocrx_word' id='word_1_90' title='bbox 1108 1118 1111 1123; x_wconf 88' lang='grc'><em>·</em></span> 
     </span>
     <span class='ocr_line' id='line_1_12' title="bbox 60 1188 1074 1270; baseline -0.003 -19"><span class='ocrx_word' id='word_1_91' title='bbox 60 1211 219 1270; x_wconf 89' lang='lat' dir='ltr'><strong>rursusque</strong></span> <span class='ocrx_word' id='word_1_92' title='bbox 235 1193 271 1252; x_wconf 93' lang='lat' dir='ltr'><strong>ab</strong></span> <span class='ocrx_word' id='word_1_93' title='bbox 289 1192 384 1253; x_wconf 85' lang='lat' dir='ltr'><strong>altero</strong></span> <span class='ocrx_word' id='word_1_94' title='bbox 400 1194 497 1270; x_wconf 89' lang='lat' dir='ltr'><strong>capite</strong></span> <span class='ocrx_word' id='word_1_95' title='bbox 515 1191 619 1266; x_wconf 89' lang='lat' dir='ltr'><strong>Stiria,</strong></span> <span class='ocrx_word' id='word_1_96' title='bbox 638 1197 739 1249; x_wconf 87' lang='lat' dir='ltr'><strong>contra</strong></span> <span class='ocrx_word' id='word_1_97' title='bbox 755 1188 969 1268; x_wconf 92' lang='lat' dir='ltr'><strong>Neampaphum</strong></span> <span class='ocrx_word' id='word_1_98' title='bbox 986 1188 1074 1248; x_wconf 90' lang='lat' dir='ltr'><strong>Hiera</strong></span> 
     </span>
     <span class='ocr_line' id='line_1_13' title="bbox 62 1271 1123 1353; baseline -0.006 -19"><span class='ocrx_word' id='word_1_99' title='bbox 62 1285 92 1334; x_wconf 90' lang='lat' dir='ltr'><strong>et</strong></span> <span class='ocrx_word' id='word_1_100' title='bbox 109 1273 236 1353; x_wconf 86' lang='lat' dir='ltr'><strong>Cephia,</strong></span> <span class='ocrx_word' id='word_1_101' title='bbox 250 1285 351 1335; x_wconf 91' lang='lat' dir='ltr'><strong>contra</strong></span> <span class='ocrx_word' id='word_1_102' title='bbox 366 1275 509 1334; x_wconf 91' lang='lat' dir='ltr'><strong>Salamina</strong></span> <span class='ocrx_word' id='word_1_103' title='bbox 523 1274 704 1333; x_wconf 89' lang='lat' dir='ltr'><strong>Salaminiae.</strong></span> <span class='ocrx_word' id='word_1_104' title='bbox 733 1274 764 1331; x_wconf 89' lang='lat' dir='ltr'><strong>in</strong></span> <span class='ocrx_word' id='word_1_105' title='bbox 774 1271 864 1348; x_wconf 88' lang='lat' dir='ltr'><strong>Lycio</strong></span> <span class='ocrx_word' id='word_1_106' title='bbox 880 1283 973 1333; x_wconf 87' lang='lat' dir='ltr'><strong>autern</strong></span> <span class='ocrx_word' id='word_1_107' title='bbox 990 1276 1060 1333; x_wconf 90' lang='lat' dir='ltr'><strong>mari</strong></span> <span class='ocrx_word' id='word_1_108' title='bbox 1075 1275 1123 1332; x_wconf 87' lang='lat'><strong>131</strong></span> 
     </span>
     <span class='ocr_line' id='line_1_14' title="bbox 61 1352 1074 1434; baseline 0 -17"><span class='ocrx_word' id='word_1_109' title='bbox 61 1358 176 1434; x_wconf 88' lang='lat' dir='ltr'><strong>Illyris,</strong></span> <span class='ocrx_word' id='word_1_110' title='bbox 205 1357 370 1434; x_wconf 80' lang='lat' dir='ltr'><strong>Telendos,</strong></span> <span class='ocrx_word' id='word_1_111' title='bbox 401 1357 608 1433; x_wconf 86' lang='lat' dir='ltr'><strong>Attclebussa,</strong></span> <span class='ocrx_word' id='word_1_112' title='bbox 644 1352 771 1433; x_wconf 79' lang='lat' dir='ltr'><strong>Cypriae</strong></span> <span class='ocrx_word' id='word_1_113' title='bbox 798 1364 859 1415; x_wconf 92' lang='lat' dir='ltr'><strong>tres</strong></span> <span class='ocrx_word' id='word_1_114' title='bbox 893 1359 1011 1417; x_wconf 87' lang='lat' dir='ltr'><strong>steriles</strong></span> <span class='ocrx_word' id='word_1_115' title='bbox 1043 1366 1074 1417; x_wconf 91' lang='lat' dir='ltr'><strong>et</strong></span> 
     </span>
     <span class='ocr_line' id='line_1_15' title="bbox 61 1438 1073 1519; baseline 0 -19"><span class='ocrx_word' id='word_1_116' title='bbox 61 1441 202 1516; x_wconf 90' lang='lat' dir='ltr'><strong>Dionysia</strong></span> <span class='ocrx_word' id='word_1_117' title='bbox 220 1444 301 1519; x_wconf 91' lang='lat' dir='ltr'><strong>prius</strong></span> <span class='ocrx_word' id='word_1_118' title='bbox 318 1439 461 1501; x_wconf 79' lang='lat' dir='ltr'><strong>Charaeta</strong></span> <span class='ocrx_word' id='word_1_119' title='bbox 476 1440 561 1499; x_wconf 90' lang='lat' dir='ltr'><strong>dicta.</strong></span> <span class='ocrx_word' id='word_1_120' title='bbox 595 1439 700 1499; x_wconf 88' lang='lat' dir='ltr'><strong>deinde</strong></span> <span class='ocrx_word' id='word_1_121' title='bbox 717 1446 818 1498; x_wconf 91' lang='lat' dir='ltr'><strong>contra</strong></span> <span class='ocrx_word' id='word_1_122' title='bbox 837 1438 921 1499; x_wconf 81' lang='lat' dir='ltr'><strong>Tauri</strong></span> <span class='ocrx_word' id='word_1_123' title='bbox 940 1459 1073 1518; x_wconf 92' lang='lat' dir='ltr'><strong>promun-</strong></span> 
     </span>
    </p>

    <p class='ocr_par' dir='ltr' id='par_1_5' title="bbox 21 1520 1115 1933">
     <span class='ocr_line' id='line_1_16' title="bbox 21 1520 1073 1603; baseline 0.003 -23"><span class='ocrx_word' id='word_1_124' title='bbox 21 1540 48 1580; x_wconf 82' lang='lat'><strong>15</strong></span> <span class='ocrx_word' id='word_1_125' title='bbox 63 1527 167 1584; x_wconf 85' lang='lat' dir='ltr'><strong>tarium</strong></span> <span class='ocrx_word' id='word_1_126' title='bbox 189 1524 351 1603; x_wconf 84' lang='lat' dir='ltr'><strong>pestiferae</strong></span> <span class='ocrx_word' id='word_1_127' title='bbox 373 1522 575 1603; x_wconf 85' lang='lat' dir='ltr'><strong>navigantibus</strong></span> <span class='ocrx_word' id='word_1_128' title='bbox 598 1520 788 1581; x_wconf 88' lang='lat' dir='ltr'><strong>Chelidoniae</strong></span> <span class='ocrx_word' id='word_1_129' title='bbox 814 1521 943 1581; x_wconf 85' lang='lat' dir='ltr'><strong>totidem.</strong></span> <span class='ocrx_word' id='word_1_130' title='bbox 979 1525 1015 1583; x_wconf 87' lang='lat' dir='ltr'><strong>ab</strong></span> <span class='ocrx_word' id='word_1_131' title='bbox 1038 1524 1073 1583; x_wconf 92' lang='lat' dir='ltr'><strong>iis</strong></span> 
     </span>
     <span class='ocr_line' id='line_1_17' title="bbox 61 1602 1073 1687; baseline -0.001 -21"><span class='ocrx_word' id='word_1_132' title='bbox 61 1627 125 1666; x_wconf 88' lang='lat' dir='ltr'><strong>cum</strong></span> <span class='ocrx_word' id='word_1_133' title='bbox 151 1609 259 1687; x_wconf 93' lang='lat' dir='ltr'><strong>oppido</strong></span> <span class='ocrx_word' id='word_1_134' title='bbox 287 1605 425 1668; x_wconf 86' lang='lat' dir='ltr'><strong>Leucolla</strong></span> <span class='ocrx_word' id='word_1_135' title='bbox 451 1607 593 1681; x_wconf 87' lang='lat' dir='ltr'><strong>Pactyae,</strong></span> <span class='ocrx_word' id='word_1_136' title='bbox 624 1602 724 1679; x_wconf 87' lang='lat' dir='ltr'><strong>Lasia,</strong></span> <span class='ocrx_word' id='word_1_137' title='bbox 755 1602 929 1682; x_wconf 79' lang='lat' dir='ltr'><strong>Nymphaio,</strong></span> <span class='ocrx_word' id='word_1_138' title='bbox 955 1604 1073 1682; x_wconf 81' lang='lat' dir='ltr'><strong>Macris,</strong></span> 
     </span>
     <span class='ocr_line' id='line_1_18' title="bbox 60 1686 1074 1768; baseline -0.001 -17"><span class='ocrx_word' id='word_1_139' title='bbox 60 1690 187 1768; x_wconf 81' lang='lat' dir='ltr'><strong>Megiste</strong></span> <span class='ocrx_word' id='word_1_140' title='bbox 211 1695 293 1750; x_wconf 89' lang='lat' dir='ltr'><strong>cuius</strong></span> <span class='ocrx_word' id='word_1_141' title='bbox 314 1692 416 1748; x_wconf 86' lang='lat' dir='ltr'><strong>civitas</strong></span> <span class='ocrx_word' id='word_1_142' title='bbox 431 1689 552 1748; x_wconf 88' lang='lat' dir='ltr'><strong>interiit.</strong></span> <span class='ocrx_word' id='word_1_143' title='bbox 588 1686 695 1747; x_wconf 91' lang='lat' dir='ltr'><strong>multae</strong></span> <span class='ocrx_word' id='word_1_144' title='bbox 712 1686 816 1747; x_wconf 92' lang='lat' dir='ltr'><strong>deinde</strong></span> <span class='ocrx_word' id='word_1_145' title='bbox 832 1689 989 1766; x_wconf 86' lang='lat' dir='ltr'><strong>ignobiles.</strong></span> <span class='ocrx_word' id='word_1_146' title='bbox 1021 1690 1074 1750; x_wconf 90' lang='lat' dir='ltr'><strong>sed</strong></span> 
     </span>
     <span class='ocr_line' id='line_1_19' title="bbox 62 1766 1115 1850; baseline -0.001 -17"><span class='ocrx_word' id='word_1_147' title='bbox 62 1783 164 1833; x_wconf 91' lang='lat' dir='ltr'><strong>contra</strong></span> <span class='ocrx_word' id='word_1_148' title='bbox 199 1771 379 1832; x_wconf 91' lang='lat' dir='ltr'><strong>Chimaeram</strong></span> <span class='ocrx_word' id='word_1_149' title='bbox 411 1770 592 1847; x_wconf 81' lang='lat' dir='ltr'><strong>Dolichiste,</strong></span> <span class='ocrx_word' id='word_1_150' title='bbox 633 1766 868 1848; x_wconf 84' lang='lat' dir='ltr'><strong>Choerogylion,</strong></span> <span class='ocrx_word' id='word_1_151' title='bbox 903 1770 1072 1850; x_wconf 87' lang='lat' dir='ltr'><strong>Crambusa,</strong></span> <span class='ocrx_word' id='word_1_152' title='bbox 1114 1839 1115 1842; x_wconf 8' lang='grc' dir='ltr'><strong>Ἴ</strong></span> 
     </span>
     <span class='ocr_line' id='line_1_20' title="bbox 61 1853 1074 1933; baseline 0.002 -19"><span class='ocrx_word' id='word_1_153' title='bbox 61 1856 186 1932; x_wconf 84' lang='lat' dir='ltr'><strong>Rhoge,</strong></span> <span class='ocrx_word' id='word_1_154' title='bbox 205 1854 341 1931; x_wconf 86' lang='lat' dir='ltr'><strong>Enagora</strong></span> <span class='ocrx_word' id='word_1_155' title='bbox 356 1853 425 1914; x_wconf 91' lang='lat' dir='ltr'><strong>Vlll</strong></span> <span class='ocrx_word' id='word_1_156' title='bbox 438 1853 467 1913; x_wconf 87' lang='grc' dir='ltr'><strong>Μ</strong></span> <span class='ocrx_word' id='word_1_157' title='bbox 483 1873 634 1932; x_wconf 88' lang='lat' dir='ltr'><strong>passuum,</strong></span> <span class='ocrx_word' id='word_1_158' title='bbox 655 1853 825 1914; x_wconf 89' lang='lat' dir='ltr'><strong>Daedaleon</strong></span> <span class='ocrx_word' id='word_1_159' title='bbox 845 1855 934 1931; x_wconf 89' lang='lat' dir='ltr'><strong>duae,</strong></span> <span class='ocrx_word' id='word_1_160' title='bbox 956 1854 1074 1933; x_wconf 87' lang='lat' dir='ltr'><strong>Cryeon</strong></span> 
     </span>
    </p>

    <p class='ocr_par' dir='ltr' id='par_1_6' title="bbox 21 1935 1074 2248">
     <span class='ocr_line' id='line_1_21' title="bbox 21 1935 1074 2017; baseline 0.004 -21"><span class='ocrx_word' id='word_1_161' title='bbox 21 1958 48 1997; x_wconf 81' lang='lat'><strong>20</strong></span> <span class='ocrx_word' id='word_1_162' title='bbox 63 1949 143 2014; x_wconf 91' lang='lat' dir='ltr'><strong>tres,</strong></span> <span class='ocrx_word' id='word_1_163' title='bbox 162 1938 336 2015; x_wconf 82' lang='lat' dir='ltr'><strong>Strongyle,</strong></span> <span class='ocrx_word' id='word_1_164' title='bbox 355 1945 385 1999; x_wconf 90' lang='lat' dir='ltr'><strong>et</strong></span> <span class='ocrx_word' id='word_1_165' title='bbox 401 1947 502 1998; x_wconf 87' lang='lat' dir='ltr'><strong>contra</strong></span> <span class='ocrx_word' id='word_1_166' title='bbox 517 1937 632 2014; x_wconf 89' lang='lat' dir='ltr'><strong>Sidyma</strong></span> <span class='ocrx_word' id='word_1_167' title='bbox 647 1935 784 1997; x_wconf 91' lang='lat' dir='ltr'><strong>Antiochi</strong></span> <span class='ocrx_word' id='word_1_168' title='bbox 799 1936 993 2017; x_wconf 84' lang='lat' dir='ltr'><strong>Glaucumque</strong></span> <span class='ocrx_word' id='word_1_169' title='bbox 1009 1959 1074 2000; x_wconf 89' lang='lat' dir='ltr'><strong>ver·</strong></span> 
     </span>
     <span class='ocr_line' id='line_1_22' title="bbox 62 2019 1073 2101; baseline 0 -19"><span class='ocrx_word' id='word_1_170' title='bbox 62 2041 111 2082; x_wconf 92' lang='lat' dir='ltr'><strong>sus</strong></span> <span class='ocrx_word' id='word_1_171' title='bbox 130 2039 241 2082; x_wconf 90' lang='lat' dir='ltr'><strong>amnem</strong></span> <span class='ocrx_word' id='word_1_172' title='bbox 255 2021 401 2099; x_wconf 89' lang='lat' dir='ltr'><strong>Lagussa,</strong></span> <span class='ocrx_word' id='word_1_173' title='bbox 417 2020 534 2098; x_wconf 87' lang='lat' dir='ltr'><strong>Macris,</strong></span> <span class='ocrx_word' id='word_1_174' title='bbox 549 2021 701 2098; x_wconf 91' lang='lat' dir='ltr'><strong>Didymae,</strong></span> <span class='ocrx_word' id='word_1_175' title='bbox 720 2019 828 2099; x_wconf 78' lang='lat' dir='ltr'><strong>helbo,</strong></span> <span class='ocrx_word' id='word_1_176' title='bbox 845 2021 953 2100; x_wconf 89' lang='lat' dir='ltr'><strong>Scope,</strong></span> <span class='ocrx_word' id='word_1_177' title='bbox 970 2023 1073 2101; x_wconf 89' lang='lat' dir='ltr'><strong>Aspis,</strong></span> 
     </span>
     <span class='ocr_line' id='line_1_23' title="bbox 60 2104 1072 2248; baseline 0.004 -85"><span class='ocrx_word' id='word_1_178' title='bbox 60 2105 161 2248; x_wconf 65' lang='lat' dir='ltr'><strong>lephfin</strong></span> <span class='ocrx_word' id='word_1_179' title='bbox 182 2123 238 2184; x_wconf 85' lang='lat' dir='ltr'><strong>qua</strong></span> <span class='ocrx_word' id='word_1_180' title='bbox 259 2105 396 2185; x_wconf 90' lang='lat' dir='ltr'><strong>oppidum</strong></span> <span class='ocrx_word' id='word_1_181' title='bbox 416 2107 543 2185; x_wconf 88' lang='lat' dir='ltr'><strong>interiit)</strong></span> <span class='ocrx_word' id='word_1_182' title='bbox 569 2104 740 2182; x_wconf 86' lang='lat' dir='ltr'><strong>Telandria,</strong></span> <span class='ocrx_word' id='word_1_183' title='bbox 760 2107 950 2184; x_wconf 88' lang='lat' dir='ltr'><strong>proximaque</strong></span> <span class='ocrx_word' id='word_1_184' title='bbox 973 2104 1072 2167; x_wconf 92' lang='lat' dir='ltr'><strong>Cauno</strong></span> 
     </span>
    </p>

    <p class='ocr_par' dir='ltr' id='par_1_7' title="bbox 109 2190 1124 2352">
     <span class='ocr_line' id='line_1_24' title="bbox 109 2190 225 2251; baseline 0.017 -2"><span class='ocrx_word' id='word_1_185' title='bbox 109 2190 225 2251; x_wconf 89' lang='lat' dir='ltr'><strong>odussa.</strong></span> 
     </span>
     <span class='ocr_line' id='line_1_25' title="bbox 127 2270 1124 2352; baseline 0.001 -19"><span class='ocrx_word' id='word_1_186' title='bbox 127 2270 210 2351; x_wconf 77' lang='lat'><strong>(36.)</strong></span> <span class='ocrx_word' id='word_1_187' title='bbox 228 2273 286 2333; x_wconf 92' lang='lat' dir='ltr'><strong>Sed</strong></span> <span class='ocrx_word' id='word_1_188' title='bbox 301 2273 495 2352; x_wconf 88' lang='lat' dir='ltr'><strong>pulcherrima</strong></span> <span class='ocrx_word' id='word_1_189' title='bbox 510 2283 556 2334; x_wconf 92' lang='lat' dir='ltr'><strong>est</strong></span> <span class='ocrx_word' id='word_1_190' title='bbox 568 2274 661 2334; x_wconf 91' lang='lat' dir='ltr'><strong>libera</strong></span> <span class='ocrx_word' id='word_1_191' title='bbox 673 2273 807 2352; x_wconf 89' lang='lat' dir='ltr'><strong>Rhodos,</strong></span> <span class='ocrx_word' id='word_1_192' title='bbox 822 2277 942 2334; x_wconf 86' lang='lat' dir='ltr'><strong>circuitu</strong></span> <span class='ocrx_word' id='word_1_193' title='bbox 955 2273 1063 2336; x_wconf 89' lang='lat' dir='ltr'><strong>CXXV</strong></span> <span class='ocrx_word' id='word_1_194' title='bbox 1075 2278 1124 2331; x_wconf 84' lang='lat'><strong>132</strong></span> 
     </span>
    </p>

    <p class='ocr_par' dir='ltr' id='par_1_8' title="bbox 20 2354 1103 2768">
     <span class='ocr_line' id='line_1_26' title="bbox 20 2354 1074 2434; baseline 0.006 -21"><span class='ocrx_word' id='word_1_195' title='bbox 20 2371 48 2414; x_wconf 80' lang='lat'><strong>25</strong></span> <span class='ocrx_word' id='word_1_196' title='bbox 61 2354 90 2414; x_wconf 87' lang='grc' dir='ltr'><strong>Μ</strong></span> <span class='ocrx_word' id='word_1_197' title='bbox 108 2373 244 2434; x_wconf 88' lang='lat' dir='ltr'><strong>passuum</strong></span> <span class='ocrx_word' id='word_1_198' title='bbox 263 2365 326 2432; x_wconf 89' lang='lat' dir='ltr'><strong>aut,</strong></span> <span class='ocrx_word' id='word_1_199' title='bbox 356 2358 380 2415; x_wconf 90' lang='lat' dir='ltr'><strong>si</strong></span> <span class='ocrx_word' id='word_1_200' title='bbox 404 2358 502 2434; x_wconf 92' lang='lat' dir='ltr'><strong>potius</strong></span> <span class='ocrx_word' id='word_1_201' title='bbox 523 2355 638 2416; x_wconf 89' lang='lat' dir='ltr'><strong>Isidoro</strong></span> <span class='ocrx_word' id='word_1_202' title='bbox 654 2356 816 2434; x_wconf 86' lang='lat' dir='ltr'><strong>credimus,</strong></span> <span class='ocrx_word' id='word_1_203' title='bbox 838 2355 918 2433; x_wconf 92' lang='lat' dir='ltr'><strong>Clll,</strong></span> <span class='ocrx_word' id='word_1_204' title='bbox 945 2357 1074 2419; x_wconf 88' lang='lat' dir='ltr'><strong>habitata</strong></span> 
     </span>
     <span class='ocr_line' id='line_1_27' title="bbox 62 2435 1072 2515; baseline 0.001 -16"><span class='ocrx_word' id='word_1_205' title='bbox 62 2438 182 2499; x_wconf 89' lang='lat' dir='ltr'><strong>urbibus</strong></span> <span class='ocrx_word' id='word_1_206' title='bbox 198 2437 302 2515; x_wconf 83' lang='lat' dir='ltr'><strong>Lindo,</strong></span> <span class='ocrx_word' id='word_1_207' title='bbox 320 2435 447 2514; x_wconf 89' lang='lat' dir='ltr'><strong>Camiro,</strong></span> <span class='ocrx_word' id='word_1_208' title='bbox 463 2437 572 2515; x_wconf 90' lang='lat' dir='ltr'><strong>lalyso,</strong></span> <span class='ocrx_word' id='word_1_209' title='bbox 591 2457 665 2497; x_wconf 90' lang='lat' dir='ltr'><strong>nune</strong></span> <span class='ocrx_word' id='word_1_210' title='bbox 681 2438 796 2498; x_wconf 88' lang='lat' dir='ltr'><strong>Rhodo.</strong></span> <span class='ocrx_word' id='word_1_211' title='bbox 829 2439 916 2499; x_wconf 89' lang='lat' dir='ltr'><strong>distat</strong></span> <span class='ocrx_word' id='word_1_212' title='bbox 931 2441 966 2500; x_wconf 89' lang='lat' dir='ltr'><strong>ab</strong></span> <span class='ocrx_word' id='word_1_213' title='bbox 983 2440 1072 2501; x_wconf 88' lang='lat' dir='ltr'><strong>Alex-</strong></span> 
     </span>
     <span class='ocr_line' id='line_1_28' title="bbox 63 2519 1074 2599; baseline 0.002 -17"><span class='ocrx_word' id='word_1_214' title='bbox 63 2523 162 2582; x_wconf 89' lang='lat' dir='ltr'><strong>andria</strong></span> <span class='ocrx_word' id='word_1_215' title='bbox 176 2521 307 2599; x_wconf 88' lang='lat' dir='ltr'><strong>Aegypti</strong></span> <span class='ocrx_word' id='word_1_216' title='bbox 318 2520 495 2582; x_wconf 88' lang='lat' dir='ltr'><strong>DhXXXlll</strong></span> <span class='ocrx_word' id='word_1_217' title='bbox 505 2519 545 2598; x_wconf 94' lang='grc' dir='ltr'><strong>Μ,</strong></span> <span class='ocrx_word' id='word_1_218' title='bbox 564 2529 595 2579; x_wconf 93' lang='lat' dir='ltr'><strong>ut</strong></span> <span class='ocrx_word' id='word_1_219' title='bbox 605 2519 735 2580; x_wconf 91' lang='lat' dir='ltr'><strong>lsidorus</strong></span> <span class='ocrx_word' id='word_1_220' title='bbox 748 2520 843 2594; x_wconf 90' lang='lat' dir='ltr'><strong>tradit,</strong></span> <span class='ocrx_word' id='word_1_221' title='bbox 864 2531 893 2580; x_wconf 92' lang='lat' dir='ltr'><strong>ut</strong></span> <span class='ocrx_word' id='word_1_222' title='bbox 904 2521 1074 2585; x_wconf 88' lang='lat' dir='ltr'><strong>Eratosthe-</strong></span> 
     </span>
     <span class='ocr_line' id='line_1_29' title="bbox 62 2600 1103 2682; baseline 0.002 -16"><span class='ocrx_word' id='word_1_223' title='bbox 62 2626 115 2666; x_wconf 90' lang='lat' dir='ltr'><strong>nes</strong></span> <span class='ocrx_word' id='word_1_224' title='bbox 129 2602 351 2664; x_wconf 86' lang='lat' dir='ltr'><strong>CCCCLXVlll</strong></span> <span class='ocrx_word' id='word_1_225' title='bbox 362 2604 402 2682; x_wconf 93' lang='grc' dir='ltr'><strong>Μ,</strong></span> <span class='ocrx_word' id='word_1_226' title='bbox 419 2614 449 2664; x_wconf 92' lang='lat' dir='ltr'><strong>ut</strong></span> <span class='ocrx_word' id='word_1_227' title='bbox 461 2603 609 2664; x_wconf 83' lang='lat' dir='ltr'><strong>Mucianus</strong></span> <span class='ocrx_word' id='word_1_228' title='bbox 620 2603 658 2679; x_wconf 92' lang='lat' dir='ltr'><strong>D,</strong></span> <span class='ocrx_word' id='word_1_229' title='bbox 671 2623 687 2663; x_wconf 92' lang='lat' dir='ltr'><strong>a</strong></span> <span class='ocrx_word' id='word_1_230' title='bbox 702 2600 800 2681; x_wconf 88' lang='lat' dir='ltr'><strong>Cypro</strong></span> <span class='ocrx_word' id='word_1_231' title='bbox 817 2602 970 2666; x_wconf 88' lang='lat' dir='ltr'><strong>CLXXVI.</strong></span> <span class='ocrx_word' id='word_1_232' title='bbox 995 2609 1073 2668; x_wconf 87' lang='lat' dir='ltr'><strong>voci·</strong></span> <span class='ocrx_word' id='word_1_233' title='bbox 1099 2644 1103 2649; x_wconf 94' lang='lat'><em>·</em></span> 
     </span>
     <span class='ocr_line' id='line_1_30' title="bbox 63 2686 1072 2768; baseline 0.002 -19"><span class='ocrx_word' id='word_1_234' title='bbox 63 2700 121 2750; x_wconf 87' lang='lat' dir='ltr'><strong>tata</strong></span> <span class='ocrx_word' id='word_1_235' title='bbox 138 2697 184 2750; x_wconf 90' lang='lat' dir='ltr'><strong>est</strong></span> <span class='ocrx_word' id='word_1_236' title='bbox 200 2698 285 2751; x_wconf 86' lang='lat' dir='ltr'><strong>antea</strong></span> <span class='ocrx_word' id='word_1_237' title='bbox 302 2687 463 2767; x_wconf 88' lang='lat' dir='ltr'><strong>Ophiussa,</strong></span> <span class='ocrx_word' id='word_1_238' title='bbox 479 2687 609 2764; x_wconf 89' lang='lat' dir='ltr'><strong>Asteria,</strong></span> <span class='ocrx_word' id='word_1_239' title='bbox 625 2687 759 2762; x_wconf 88' lang='lat' dir='ltr'><strong>Aethria,</strong></span> <span class='ocrx_word' id='word_1_240' title='bbox 776 2686 935 2766; x_wconf 83' lang='lat' dir='ltr'><strong>Trinacrio,</strong></span> <span class='ocrx_word' id='word_1_241' title='bbox 954 2687 1072 2768; x_wconf 90' lang='lat' dir='ltr'><strong>Corym-</strong></span> 
     </span>
    </p>

    <p class='ocr_par' dir='ltr' id='par_1_9' title="bbox 22 2768 1128 3185">
     <span class='ocr_line' id='line_1_31' title="bbox 22 2768 1071 2850; baseline 0.004 -19"><span class='ocrx_word' id='word_1_242' title='bbox 22 2790 49 2831; x_wconf 85' lang='lat' dir='ltr'><strong>ac</strong></span> <span class='ocrx_word' id='word_1_243' title='bbox 63 2774 128 2850; x_wconf 90' lang='lat' dir='ltr'><strong>bia,</strong></span> <span class='ocrx_word' id='word_1_244' title='bbox 152 2773 321 2850; x_wconf 90' lang='lat' dir='ltr'><strong>Poeeessa,</strong></span> <span class='ocrx_word' id='word_1_245' title='bbox 343 2773 485 2850; x_wconf 91' lang='lat' dir='ltr'><strong>Atabyria</strong></span> <span class='ocrx_word' id='word_1_246' title='bbox 501 2771 536 2832; x_wconf 88' lang='lat' dir='ltr'><strong>ab</strong></span> <span class='ocrx_word' id='word_1_247' title='bbox 552 2789 642 2848; x_wconf 88' lang='lat' dir='ltr'><strong>rege,</strong></span> <span class='ocrx_word' id='word_1_248' title='bbox 663 2769 730 2830; x_wconf 91' lang='lat' dir='ltr'><strong>dein</strong></span> <span class='ocrx_word' id='word_1_249' title='bbox 746 2768 870 2832; x_wconf 83' lang='lat' dir='ltr'><strong>Macaria</strong></span> <span class='ocrx_word' id='word_1_250' title='bbox 891 2782 921 2833; x_wconf 91' lang='lat' dir='ltr'><strong>et</strong></span> <span class='ocrx_word' id='word_1_251' title='bbox 937 2772 1071 2835; x_wconf 90' lang='lat' dir='ltr'><strong>Oloessa.</strong></span> 
     </span>
     <span class='ocr_line' id='line_1_32' title="bbox 62 2854 1128 2935; baseline 0.002 -17"><span class='ocrx_word' id='word_1_252' title='bbox 62 2857 241 2918; x_wconf 85' lang='lat' dir='ltr'><strong>Rhodiorum</strong></span> <span class='ocrx_word' id='word_1_253' title='bbox 252 2855 364 2917; x_wconf 89' lang='lat' dir='ltr'><strong>insulae</strong></span> <span class='ocrx_word' id='word_1_254' title='bbox 378 2854 539 2932; x_wconf 86' lang='lat' dir='ltr'><strong>Carpathus</strong></span> <span class='ocrx_word' id='word_1_255' title='bbox 550 2872 624 2932; x_wconf 86' lang='lat' dir='ltr'><strong>quae</strong></span> <span class='ocrx_word' id='word_1_256' title='bbox 642 2854 712 2913; x_wconf 87' lang='lat' dir='ltr'><strong>rnari</strong></span> <span class='ocrx_word' id='word_1_257' title='bbox 723 2871 829 2916; x_wconf 90' lang='lat' dir='ltr'><strong>nomen</strong></span> <span class='ocrx_word' id='word_1_258' title='bbox 843 2855 937 2934; x_wconf 86' lang='lat' dir='ltr'><strong>dedit,</strong></span> <span class='ocrx_word' id='word_1_259' title='bbox 957 2855 1061 2935; x_wconf 89' lang='lat' dir='ltr'><strong>Casos,</strong></span> <span class='ocrx_word' id='word_1_260' title='bbox 1073 2872 1128 2924; x_wconf 66' lang='lat'><strong>13³</strong></span> 
     </span>
     <span class='ocr_line' id='line_1_33' title="bbox 62 2935 1071 3018; baseline 0 -18"><span class='ocrx_word' id='word_1_261' title='bbox 62 2941 165 3000; x_wconf 92' lang='lat' dir='ltr'><strong>Achne</strong></span> <span class='ocrx_word' id='word_1_262' title='bbox 184 2942 263 3018; x_wconf 91' lang='lat' dir='ltr'><strong>olim,</strong></span> <span class='ocrx_word' id='word_1_263' title='bbox 281 2939 405 3017; x_wconf 88' lang='lat' dir='ltr'><strong>Nisyros</strong></span> <span class='ocrx_word' id='word_1_264' title='bbox 421 2939 530 2999; x_wconf 90' lang='lat' dir='ltr'><strong>distans</strong></span> <span class='ocrx_word' id='word_1_265' title='bbox 545 2937 581 2997; x_wconf 90' lang='lat' dir='ltr'><strong>ab</strong></span> <span class='ocrx_word' id='word_1_266' title='bbox 600 2935 692 2997; x_wconf 90' lang='lat' dir='ltr'><strong>Cnido</strong></span> <span class='ocrx_word' id='word_1_267' title='bbox 708 2936 764 2998; x_wconf 93' lang='lat' dir='ltr'><strong>Xll</strong></span> <span class='ocrx_word' id='word_1_268' title='bbox 778 2939 835 2999; x_wconf 89' lang='lat' dir='ltr'><strong>mil.</strong></span> <span class='ocrx_word' id='word_1_269' title='bbox 858 2939 895 3015; x_wconf 94' lang='lat' dir='ltr'><strong>D,</strong></span> <span class='ocrx_word' id='word_1_270' title='bbox 912 2940 1071 3018; x_wconf 86' lang='lat' dir='ltr'><strong>Porphyris</strong></span> 
     </span>
     <span class='ocr_line' id='line_1_34' title="bbox 63 3020 1072 3102; baseline 0.002 -18"><span class='ocrx_word' id='word_1_271' title='bbox 63 3033 147 3085; x_wconf 91' lang='lat' dir='ltr'><strong>antea</strong></span> <span class='ocrx_word' id='word_1_272' title='bbox 162 3025 253 3101; x_wconf 87' lang='lat' dir='ltr'><strong>dicta,</strong></span> <span class='ocrx_word' id='word_1_273' title='bbox 270 3032 300 3083; x_wconf 89' lang='lat' dir='ltr'><strong>et</strong></span> <span class='ocrx_word' id='word_1_274' title='bbox 318 3024 423 3084; x_wconf 92' lang='lat' dir='ltr'><strong>eodem</strong></span> <span class='ocrx_word' id='word_1_275' title='bbox 438 3028 531 3081; x_wconf 91' lang='lat' dir='ltr'><strong>tractu</strong></span> <span class='ocrx_word' id='word_1_276' title='bbox 545 3021 638 3080; x_wconf 90' lang='lat' dir='ltr'><strong>media</strong></span> <span class='ocrx_word' id='word_1_277' title='bbox 652 3022 728 3082; x_wconf 88' lang='lat' dir='ltr'><strong>inter</strong></span> <span class='ocrx_word' id='word_1_278' title='bbox 744 3020 877 3082; x_wconf 85' lang='lat' dir='ltr'><strong>Rhodum</strong></span> <span class='ocrx_word' id='word_1_279' title='bbox 894 3020 1072 3102; x_wconf 87' lang='lat' dir='ltr'><strong>Cnidumque</strong></span> 
     </span>
     <span class='ocr_line' id='line_1_35' title="bbox 63 3103 1072 3185; baseline 0 -17"><span class='ocrx_word' id='word_1_280' title='bbox 63 3108 157 3185; x_wconf 90' lang='lat' dir='ltr'><strong>Syme.</strong></span> <span class='ocrx_word' id='word_1_281' title='bbox 200 3108 326 3185; x_wconf 88' lang='lat' dir='ltr'><strong>cingitur</strong></span> <span class='ocrx_word' id='word_1_282' title='bbox 345 3104 486 3168; x_wconf 90' lang='lat' dir='ltr'><strong>XXXVll</strong></span> <span class='ocrx_word' id='word_1_283' title='bbox 506 3104 563 3165; x_wconf 89' lang='lat' dir='ltr'><strong>mil.</strong></span> <span class='ocrx_word' id='word_1_284' title='bbox 586 3103 623 3166; x_wconf 90' lang='lat' dir='ltr'><strong>D.</strong></span> <span class='ocrx_word' id='word_1_285' title='bbox 659 3113 782 3184; x_wconf 89' lang='lat' dir='ltr'><strong>portuus</strong></span> <span class='ocrx_word' id='word_1_286' title='bbox 798 3105 927 3183; x_wconf 88' lang='lat' dir='ltr'><strong>benigue</strong></span> <span class='ocrx_word' id='word_1_287' title='bbox 947 3107 1072 3185; x_wconf 85' lang='lat' dir='ltr'><strong>praebet</strong></span> 
     </span>
    </p>

    <p class='ocr_par' dir='ltr' id='par_1_10' title="bbox 21 3183 1125 3522">
     <span class='ocr_line' id='line_1_36' title="bbox 21 3183 1072 3270; baseline 0 -20"><span class='ocrx_word' id='word_1_288' title='bbox 21 3208 48 3250; x_wconf 78' lang='lat' dir='ltr'><strong>sa</strong></span> <span class='ocrx_word' id='word_1_289' title='bbox 64 3202 140 3253; x_wconf 90' lang='lat' dir='ltr'><strong>octo.</strong></span> <span class='ocrx_word' id='word_1_290' title='bbox 175 3198 294 3270; x_wconf 90' lang='lat' dir='ltr'><strong>praeter</strong></span> <span class='ocrx_word' id='word_1_291' title='bbox 308 3191 360 3250; x_wconf 92' lang='lat' dir='ltr'><strong>has</strong></span> <span class='ocrx_word' id='word_1_292' title='bbox 376 3193 453 3251; x_wconf 90' lang='lat' dir='ltr'><strong>circa</strong></span> <span class='ocrx_word' id='word_1_293' title='bbox 468 3187 600 3248; x_wconf 88' lang='lat' dir='ltr'><strong>Rhodum</strong></span> <span class='ocrx_word' id='word_1_294' title='bbox 617 3183 772 3267; x_wconf 89' lang='lat' dir='ltr'><strong>Cyclopis,</strong></span> <span class='ocrx_word' id='word_1_295' title='bbox 789 3188 944 3266; x_wconf 86' lang='lat' dir='ltr'><strong>Teganon,</strong></span> <span class='ocrx_word' id='word_1_296' title='bbox 962 3187 1072 3267; x_wconf 90' lang='lat' dir='ltr'><strong>Cordy-</strong></span> 
     </span>
     <span class='ocr_line' id='line_1_37' title="bbox 63 3268 1125 3353; baseline -0.002 -18"><span class='ocrx_word' id='word_1_297' title='bbox 63 3277 160 3353; x_wconf 90' lang='lat' dir='ltr'><strong>lussa,</strong></span> <span class='ocrx_word' id='word_1_298' title='bbox 176 3275 317 3335; x_wconf 89' lang='lat' dir='ltr'><strong>Diabatae</strong></span> <span class='ocrx_word' id='word_1_299' title='bbox 333 3274 405 3351; x_wconf 94' lang='lat' dir='ltr'><strong>llll,</strong></span> <span class='ocrx_word' id='word_1_300' title='bbox 421 3272 547 3351; x_wconf 88' lang='lat' dir='ltr'><strong>Hymos,</strong></span> <span class='ocrx_word' id='word_1_301' title='bbox 565 3269 671 3333; x_wconf 87' lang='lat' dir='ltr'><strong>Chalce</strong></span> <span class='ocrx_word' id='word_1_302' title='bbox 687 3291 750 3333; x_wconf 87' lang='lat' dir='ltr'><strong>cum</strong></span> <span class='ocrx_word' id='word_1_303' title='bbox 766 3272 892 3350; x_wconf 89' lang='lat' dir='ltr'><strong>oppido,</strong></span> <span class='ocrx_word' id='word_1_304' title='bbox 908 3273 1070 3351; x_wconf 88' lang='lat' dir='ltr'><strong>Seutlussa,</strong></span> <span class='ocrx_word' id='word_1_305' title='bbox 1122 3268 1125 3273; x_wconf 78' lang='grc'><strong>’</strong></span> 
     </span>
     <span class='ocr_line' id='line_1_38' title="bbox 63 3352 1070 3435; baseline -0.001 -16"><span class='ocrx_word' id='word_1_306' title='bbox 63 3359 273 3434; x_wconf 85' lang='lat' dir='ltr'><strong>Narthecussa,</strong></span> <span class='ocrx_word' id='word_1_307' title='bbox 288 3358 447 3435; x_wconf 89' lang='lat' dir='ltr'><strong>Dimastos,</strong></span> <span class='ocrx_word' id='word_1_308' title='bbox 463 3356 591 3435; x_wconf 84' lang='lat' dir='ltr'><strong>Progne,</strong></span> <span class='ocrx_word' id='word_1_309' title='bbox 608 3365 637 3416; x_wconf 84' lang='lat' dir='ltr'><strong>et</strong></span> <span class='ocrx_word' id='word_1_310' title='bbox 652 3374 668 3416; x_wconf 91' lang='lat' dir='ltr'><strong>a</strong></span> <span class='ocrx_word' id='word_1_311' title='bbox 687 3353 777 3416; x_wconf 90' lang='lat' dir='ltr'><strong>Cnido</strong></span> <span class='ocrx_word' id='word_1_312' title='bbox 795 3352 979 3434; x_wconf 91' lang='lat' dir='ltr'><strong>Cisserussa,</strong></span> <span class='ocrx_word' id='word_1_313' title='bbox 996 3356 1070 3418; x_wconf 86' lang='lat' dir='ltr'><strong>The-</strong></span> 
     </span>
     <span class='ocr_line' id='line_1_39' title="bbox 64 3438 1070 3522; baseline -0.003 -18"><span class='ocrx_word' id='word_1_314' title='bbox 64 3446 218 3522; x_wconf 87' lang='lat' dir='ltr'><strong>rionarcia,</strong></span> <span class='ocrx_word' id='word_1_315' title='bbox 240 3440 369 3518; x_wconf 91' lang='lat' dir='ltr'><strong>Calydne</strong></span> <span class='ocrx_word' id='word_1_316' title='bbox 385 3460 447 3503; x_wconf 88' lang='lat' dir='ltr'><strong>curn</strong></span> <span class='ocrx_word' id='word_1_317' title='bbox 462 3440 555 3501; x_wconf 91' lang='lat' dir='ltr'><strong>tribus</strong></span> <span class='ocrx_word' id='word_1_318' title='bbox 571 3440 686 3520; x_wconf 87' lang='lat' dir='ltr'><strong>oppidis</strong></span> <span class='ocrx_word' id='word_1_319' title='bbox 702 3439 803 3518; x_wconf 90' lang='lat' dir='ltr'><strong>Notio,</strong></span> <span class='ocrx_word' id='word_1_320' title='bbox 818 3438 937 3518; x_wconf 90' lang='lat' dir='ltr'><strong>Nisyro,</strong></span> <span class='ocrx_word' id='word_1_321' title='bbox 953 3439 1070 3501; x_wconf 84' lang='lat' dir='ltr'><strong>lleude·</strong></span> 
     </span>
    </p>

    <p class='ocr_par' dir='ltr' id='par_1_11' title="bbox 855 3523 870 3565">
     <span class='ocr_line' id='line_1_40' title="bbox 855 3523 870 3565; baseline 0 0"><span class='ocrx_word' id='word_1_322' title='bbox 855 3523 870 3565; x_wconf 75' lang='lat' dir='ltr'><strong>r</strong></span> 
     </span>
    </p>
   </div>
   <div class='ocr_carea' id='block_1_3' title="bbox 0 0 1204 3856">
    <p class='ocr_par' dir='ltr' id='par_1_12' title="bbox 0 0 1204 3856">
     <span class='ocr_line' id='line_1_41' title="bbox 0 0 1204 3856; baseline 0 1"><span class='ocrx_word' id='word_1_323' title='bbox 0 0 1204 3856; x_wconf 95' lang='lat' dir='ltr'><strong> </strong></span> 
     </span>
    </p>
   </div>
  </div>
 </body>
</html>
