2400 3856
272 114 352 159 nar.
369 112 458 159 rursu.
474 114 510 159 11.
534 111 654 165 26-37.
671 100 821 187 (nl-37.)
1028 105 1067 167 83

130 261 215 345 (29.)
240 264 325 326 Circa
350 267 442 327 solem
467 285 552 327 arcus
573 268 753 346 apparuitL.
772 267 886 347 Opimio
911 270 946 344 Q.
963 271 1066 348 Fabio,

64 348 194 411 orbislr.
214 350 383 411 PorcioM’.
401 350 515 426 Acilio,
533 351 925 413 circulusrubrioolorisL.
946 355 1066 417 IulioP

64 433 175 493 Rutilio
192 451 269 495 coss

127 517 178 578 30.
204 518 288 597 (30.)
314 518 397 578 Fiunt
418 518 582 597 prodigiosi
604 528 632 576 et
654 517 804 595 longiores
822 517 892 576 solis
907 517 1069 595 deiecturus,

38 600 161 685 aqualis
188 602 288 662 occiso
315 603 456 662 dictatore
476 598 604 660 Caesare
631 610 660 660 et
684 600 847 663 Antoniano
873 603 954 663 bello
981 604 1068 663 t'otius

63 703 162 769 paene
180 686 246 747 anni
264 686 377 764 pallore
396 686 541 745 continuo.

131 771 181 832 31.
200 769 286 850 (31.)
308 768 345 829 Et
366 787 464 829 rursus
485 769 566 830 soles
589 767 689 846 plures
712 768 794 828 simul
819 779 987 844 cernuntur,
1012 778 1110 833 neells

64 872 154 934 snpra
172 854 266 933 ipsum
280 872 336 914 nec
352 853 442 929 inira,
468 853 521 913 sed
538 872 576 912 ex
594 852 730 930 obliquo,
752 870 903 931 numquam
919 853 996 912 iuxta
1013 871 1069 913 uec

64 946 168 1000 contra
183 948 289 998 terram
307 955 363 998 nec
378 947 480 1011 noctu
499 937 551 997 sed
567 946 614 997 aut
629 938 742 996 oriente
759 946 806 996 aut
821 936 986 997 occidente
1022 955 1067 996 se-

17 1042 55 1084 ,ιι
65 1021 125 1083 mel
142 1030 171 1081 et
186 1023 307 1081 meridie
324 1022 477 1100 conspecti
498 1023 527 1080 in
541 1021 676 1099 Bosporo
693 1020 867 1098 produntur,
892 1022 941 1100 qui
958 1006 1019 1081 ab
1010 1039 1067 1079 ma-

64 1107 157 1167 tutino
172 1114 305 1183 tempore
323 1106 523 1165 duraverunt
514 1123 542 1164 ιιι
558 1122 704 1165 occasum.
737 1103 842 1165 l'rinos
863 1105 943 1165 soles
959 1104 1068 1183 antiqui

64 1189 184 1267 saepius
207 1189 326 1265 videre,
351 1189 426 1248 sicut
447 1190 498 1266 Sp.
521 1188 665 1248 Postumio
682 1187 717 1261 Q.
735 1186 831 1249 Mucio
854 1199 883 1249 et
904 1188 939 1262 Q.
957 1187 1067 1247 Marcio

63 1270 104 1333 Μ.
119 1271 225 1332 Porcio
243 1283 271 1333 et
288 1271 325 1332 M.
339 1273 465 1333 Antonio
481 1271 511 1331 P.
525 1270 681 1331 Dolabella
697 1282 727 1331 et
740 1271 777 1331 Μ.
790 1272 899 1352 Lepido
915 1272 945 1333 L.
959 1272 1067 1332 Planco

66 1372 157 1431 coss,
178 1367 208 1417 et
223 1366 321 1417 nostra
338 1366 419 1416 aetas
436 1355 506 1415 vidit
522 1356 588 1414 ‹livo
605 1351 725 1415 Claudio
744 1356 893 1434 principe,
918 1355 1068 1416 consulatu

30 1441 131 1504 aseius
159 1438 298 1500 Cornelio
322 1439 413 1499 Orfito
439 1439 564 1516 collega.
596 1439 695 1516 plures
718 1456 802 1518 quarn
824 1448 885 1498 tres
906 1439 989 1498 simul
1012 1439 1069 1496 visi

64 1522 175 1584 adhoc
191 1526 256 1584 aevi
270 1542 421 1602 numquam
436 1524 602 1602 produntur.

130 1606 180 1668 32.
198 1607 282 1687 (32.)
295 1607 390 1667 Lunae
404 1625 518 1686 quoque
537 1608 644 1682 trinae,
663 1616 692 1666 ut
708 1604 760 1665 Gn.
773 1607 898 1669 Domitio
912 1603 944 1665 G.
958 1602 1068 1664 Fannio

67 1690 253 1765 oonsulibus,
278 1709 451 1770 apparuere.

129 1773 178 1835 33.
196 1775 280 1853 (33.)
298 1773 383 1846 Quod
399 1774 531 1851 plerique
548 1772 770 1852 appellauerunt
786 1775 866 1834 soles
880 1782 1047 1846 nocturnos,
1062 1780 1112 1833 100

27 1857 164 1922 columen
180 1860 217 1918 de
234 1856 317 1917 caelo
336 1865 422 1916 noctu
439 1857 531 1915 visum
549 1865 593 1914 est
605 1853 637 1915 C.
652 1853 782 1916 Caecilio
800 1856 851 1918 Gn.
868 1857 984 1936 Papirio
1001 1872 1068 1914 con-

65 1939 178 2000 sulibus
195 1950 223 2000 et
239 1959 330 2018 saepe
348 1940 430 2017 alias,
448 1948 478 1999 ut
492 1939 550 1998 diei
568 1942 687 2017 species
705 1950 792 2001 nocte
810 1942 932 2003 luceret.

129 2024 179 2085 34.
198 2024 281 2102 (34.)
298 2022 420 2102 Clipeos
444 2022 549 2083 ardens
567 2021 603 2082 ab
627 2042 736 2084 occasu
752 2026 788 2086 ad
804 2036 895 2086 ortum
911 2024 1070 2085 scintillans

65 2109 273 2177 transcucurrit
291 2107 363 2167 solis
379 2124 487 2167 occasu
502 2107 532 2165 L.
549 2106 669 2168 Valerio
688 2105 722 2168 C.
740 2107 832 2170 Mario
849 2108 1026 2170 consulibus.

131 2192 182 2252 35.
202 2191 286 2271 (35.)
304 2190 463 2251 Scintillam
480 2210 496 2250 e
513 2191 599 2250 stella
617 2192 724 2252 cadere
741 2203 771 2253 et
788 2195 889 2272 augeri
905 2202 1001 2253 terrae
1020 2191 1069 2251 ad·

27 2295 56 2336 aa
67 2277 347 2354 propinquantemlut
357 2286 385 2335 at
393 2284 544 2354 postquam
561 2273 646 2334 lunae
662 2277 855 2352 magnitudine
872 2276 948 2335 lacta
964 2277 1009 2350 sit,
1028 2277 1069 2333 in·
1169 2336 1172 2341 ,

67 2359 179 2420 luxisse
196 2377 251 2418 ceu
271 2357 371 2418 nubilo
394 2358 457 2434 die,
486 2358 570 2431 dein,
593 2375 657 2416 curn
678 2359 707 2415 in
725 2359 837 2419 caelum
855 2378 887 2419 se
908 2359 1069 2436 reciperet,

67 2442 232 2523 lampadem
257 2442 362 2503 factam
385 2441 477 2511 semel
502 2457 635 2519 umquam
657 2440 791 2518 proditur
812 2439 863 2501 Cu.
889 2439 1010 2500 Octavio
1035 2437 1069 2499 (1.

67 2525 224 2587 Scribonio
246 2524 423 2586 oonsulibus
450 2525 520 2584 vidit
539 2525 568 2585 id
584 2522 699 2584 Silanus
721 2525 878 2602 proconsul
902 2542 965 2584 oum
982 2524 1068 2584 comi·

66 2618 127 2670 tatu
144 2626 206 2669 suo.

28 2711 57 2756 so
127 2693 176 2754 36.
196 2692 280 2771 (36.)
297 2690 376 2751 Fieri
392 2691 524 2754 videntur
532 2700 564 2751 et
575 2690 744 2753 drsoursuus
753 2693 901 2755 stellarum
918 2711 1070 2773 numquam

65 2784 189 2852 temere,
207 2785 311 2835 utnon
329 2794 366 2835 ex
382 2793 417 2835 ea
433 2785 515 2854 parte
532 2786 631 2837 truces
648 2777 726 2837 venti
743 2778 916 2839 coorientur.
1163 2828 1167 2835 .

128 2859 179 2920 37.
197 2859 282 2938 (37.)
310 2859 449 2920 Existunt
462 2859 566 2920 stellae
581 2869 609 2919 et
621 2862 649 2919 in
660 2861 730 2920 mari
742 2863 896 2942 terrisque.
919 2859 986 2920 Vidi
998 2878 1047 2918 no·
1062 2869 1111 2922 101

65 2942 174 3004 sturnis
200 2943 319 3004 militurn
333 2942 454 3020 ¹vigiliis
476 2942 630 3004 inhaerere
657 2943 724 3022 pilis
746 2962 799 3023 pro
822 2944 900 3004 vallo
923 2942 1068 3019 fulgorem

65 3025 167 3103 elligie
185 3044 237 3103 ea,
255 3036 284 3087 et
299 3028 440 3087 antemnis
454 3027 646 3104 navigantium
662 3026 785 3106 aliisque
803 3029 916 3087 navium
935 3024 1067 3104 partibus

27 3127 121 3178 saceu
136 3111 233 3171 vocali
250 3111 374 3190 quodam
389 3127 462 3170 sono
479 3110 609 3171 insistunt
624 3121 653 3171 ut
668 3110 807 3170 volucres
823 3112 924 3171 sedem
939 3127 977 3168 ex
994 3109 1067 3168 sede

63 3203 219 3272 mutantes,
237 3214 354 3273 graves,
372 3212 434 3254 curn
449 3196 598 3256 solitariae
610 3213 732 3272 venere,
751 3204 978 3274 mergentesque
993 3197 1071 3255 navi·

63 3281 112 3356 gia
124 3287 165 3354 et,
182 3280 206 3337 si
221 3280 250 3338 in
261 3280 376 3339 carinae
391 3279 446 3337 ima
458 3279 631 3356 occiderim,
646 3287 816 3354 exurentes,
831 3281 964 3355 geminae
976 3288 1071 3339 autem

64 3361 207 3422 salutares
226 3371 256 3421 et
278 3363 414 3443 prosperi
431 3380 551 3423 cursous
570 3379 640 3441 prae
655 3363 791 3439 nuntiae,
812 3381 929 3440 quarum
948 3364 1070 3424 adventu
