2400 3856
88 168 132 235 22
436 185 467 235 c.
488 187 584 235 Pnrru
606 187 756 236 sncunnr

90 341 148 402 cibi
167 342 263 401 exitus
279 343 398 403 nonsit.
430 340 503 421 (41)
520 341 643 419 Tineae,
659 341 855 421 cantharides,
872 342 993 404 culices.
1025 342 1102 403 nivis

90 424 203 486 animal.
243 423 447 505 (42)'ignium
475 426 596 503 animal,
627 426 748 505 pyrallis
777 428 842 487 sive
871 435 987 506 pprota.
1028 424 1103 506 (43)

89 509 293 571 hemerobion.
324 508 481 589 (44-97)
496 510 668 571 Animalium
680 511 804 570 omnium
819 530 875 590 per
888 510 1003 589 singula
1014 528 1102 571 mem·

89 593 144 654 bra
164 601 285 655 naturae
308 603 339 655 et
355 595 507 656 historiae.
544 591 618 673 (44)
643 613 717 673 quae
740 596 838 674 apices
861 595 1003 672 habeant,
1026 614 1102 675 quae

90 680 205 741 cristas.
239 676 312 758 (45)
328 696 466 739 cornuum
481 697 601 758 genera.
634 679 738 756 quibus
753 679 881 740 mobilia.
913 677 986 760 (46)
1003 679 1041 740 dc
1057 697 1124 741 car-o

90 763 210 842 pitibus.
241 763 448 842 quibusnnlla.
487 761 559 842 (47)
579 762 747 840 decapillo.
781 761 854 843 (48)
871 764 908 825 de
924 763 1041 824 ossibus
1057 781 1103 825 ca·

90 849 169 926 pitis.
202 844 276 927 (49)
294 846 331 908 de
349 848 485 908 cerebro.
524 844 597 926 (50)
620 846 656 906 de
679 847 806 907 auribus.
845 866 919 926 quae
940 865 1027 907 aures
1043 865 1102 908 non

90 931 228 993 habeant.
249 949 323 1010 qnae
336 933 399 990 sine
412 931 528 989 auribus
545 940 575 990 et
591 933 654 990 sine
670 932 860 993 foraminibus
874 932 998 992 audiant.
1028 928 1102 1009 (51)

92 1015 129 1076 dc
142 1018 230 1094 facie,
248 1015 283 1074 dc
294 1016 405 1091 fronte,
421 1013 458 1074 dc
473 1015 647 1093 superciliis.
673 1013 830 1093 (52-57)
843 1015 879 1076 de
893 1015 985 1076 oculis
1003 1010 1102 1099 (quae

92 1102 156 1159 sinc
182 1099 274 1159 oculis
295 1099 433 1158 animalia.
467 1116 542 1177 quae
564 1099 696 1176 singulos
721 1107 829 1160 lantum
847 1098 1137 1164 oculoshabeant.1o

90 1180 143 1245 53.
163 1182 200 1242 do
221 1181 393 1243 diversitate
412 1183 570 1243 oculorum.
605 1182 657 1245 54.
681 1202 756 1263 quae
771 1187 846 1244 ratio
865 1186 976 1244 visuns.
1013 1192 1102 1243 noctu

91 1265 236 1327 videntes.
268 1264 317 1328 55.
334 1266 371 1327 de
390 1275 490 1327 natura
504 1267 644 1347 pupillae.
678 1286 752 1346 quae
768 1286 826 1328 non
841 1270 1005 1331 coniveant.
1039 1268 1102 1346 qui-

91 1350 146 1410 hus
164 1351 239 1410 eruti
261 1351 337 1411 oculi
358 1360 556 1412 renascantur.
591 1349 642 1414 56.
668 1352 704 1413 de
726 1353 893 1432 palpebris,
915 1352 1020 1431 quibus
1043 1368 1103 1411 non

92 1435 168 1511 sint,
194 1436 298 1512 quibus
316 1435 352 1496 ab
368 1435 459 1496 altera
478 1444 561 1514 parte
582 1444 691 1496 tantum
709 1438 776 1502 sint.
811 1436 863 1499 57.
886 1436 990 1515 quibus
1006 1452 1103 1513 genae

91 1536 150 1578 non
166 1514 257 1607 sint).
291 1518 362 1599 (58)
380 1520 416 1580 de
434 1520 531 1595 malis,
559 1519 611 1582 59.
629 1520 665 1581 de
681 1520 814 1595 naribus,
840 1518 912 1600 (60)
929 1520 1137 1597 buccis,la·1e

91 1602 167 1681 bris,
189 1612 299 1680 mento,
322 1604 461 1682 maxillis,
482 1602 638 1684 (ol-64)
659 1605 697 1665 dc
725 1605 858 1665 dentibus
878 1599 974 1690 (quae
990 1620 1104 1682 genera

92 1705 203 1748 eorum.
237 1688 341 1767 quibus
356 1706 414 1749 non
435 1699 558 1770 utraque
576 1697 659 1768 parte
678 1690 746 1765 sint,
768 1690 871 1767 quibus
892 1691 964 1750 cavi.
996 1686 1048 1750 62.
1065 1687 1103 1749 de

92 1773 274 1851 serpentium
295 1773 448 1852 dentibus,
468 1773 505 1835 de
520 1790 636 1835 veneno
653 1791 761 1834 aarum.
792 1775 837 1832 cni
855 1772 966 1833 volucri
985 1772 1101 1833 denies.

84 1853 142 1919 63.
174 1857 316 1918 mirabilia
349 1858 486 1920 dentium.
531 1856 583 1920 64.
613 1866 693 1918 aetas
724 1858 925 1916 ruminantium
956 1857 991 1917 ab
1022 1851 1102 1943 his).

91 1938 164 2018 (65)
179 1942 215 2002 de
231 1943 346 2020 lingua,
369 1962 442 2022 qnae
462 1944 524 2002 sine
547 1960 592 2002 ea.
622 1941 659 2001 de
677 1958 808 2001 ranarum
823 1959 906 2001 sono.
940 1941 976 2000 de
990 1940 1136 2018 palato,ao

90 2022 163 2102 (66)
180 2024 216 2084 de
233 2026 369 2085 tonsillis.
400 2045 466 2101 uva,
483 2026 661 2104 epiglossis,
684 2027 826 2102 arteriae,
843 2026 922 2103 gula,
946 2023 1021 2104 (67)
1039 2044 1103 2085 ocr-

90 2110 151 2181 vix,
168 2108 284 2184 collum,
300 2111 393 2186 spina,
412 2107 485 2188 (68)
497 2118 606 2186 guttur,
618 2110 730 2186 lauces,
745 2109 919 2170 stomachus.
945 2106 1102 2189 (69-71)

88 2190 128 2250 de
144 2191 234 2251 corde
251 2184 432 2275 (sanguine,
455 2195 560 2253 animo.
589 2191 639 2254 70.
656 2194 760 2272 quibus
776 2196 897 2254 maxima
915 2192 1015 2269 corda,
1040 2194 1103 2273 qui·

90 2274 145 2334 bus
161 2276 292 2352 minima,
318 2277 423 2354 quibus
441 2277 518 2338 bina.
555 2275 605 2339 71.
623 2277 736 2356 quando
756 2280 786 2338 in
808 2280 884 2338 extis
901 2277 1011 2356 adspici
1034 2295 1103 2338 ooc-

89 2356 171 2445 pta).
209 2357 282 2440 (72)
299 2361 335 2420 de
352 2361 504 2439 pulmone,
528 2363 632 2440 quibus
648 2363 804 2439 maximus,
830 2361 935 2441 quibus
958 2363 1135 2421 minimuseu

90 2446 194 2522 quibus
212 2444 282 2505 nihil
305 2446 382 2505 aliud
403 2464 486 2523 quarn
502 2447 599 2526 pulmo
615 2448 701 2506 intus.
737 2464 812 2524 quae
830 2464 915 2505 causa
935 2445 1102 2505 velocitatis

88 2530 260 2589 animalium.
290 2528 448 2609 (73-76)
470 2531 506 2590 de
528 2533 659 2592 iocinere
681 2524 739 2614 (de
754 2533 850 2609 capite
874 2538 1025 2607 extorum,
1050 2530 1101 2590 ha·

89 2617 235 2691 ruspicum
262 2615 338 2673 circa
360 2632 395 2673 ea
420 2614 653 2675 observationes.
697 2615 801 2691 quibus
823 2614 993 2675 animalibus
1018 2623 1049 2674 et
1073 2616 1103 2674 iu

90 2697 194 2774 quibus
210 2696 284 2756 loois
305 2698 372 2755 hina
392 2699 532 2758 iocinera.
569 2696 620 2760 74.
644 2699 680 2757 de
697 2698 776 2758 felle.
811 2699 860 2758 uhi
881 2706 911 2758 et
928 2699 1034 2777 quibus
1052 2717 1102 2776 gc·

89 2781 202 2838 minum.
232 2780 336 2858 quibus
351 2781 512 2840 animalium
525 2800 584 2841 non
598 2783 646 2858 sit,
663 2783 767 2860 quibus
784 2782 871 2843 aliubi
887 2800 971 2860 quarn
986 2786 1016 2842 in
1031 2785 1101 2842 ioci·
1111 2800 1134 2840 uc

89 2881 172 2924 nere.
212 2862 260 2926 75.
286 2881 360 2941 quae
379 2865 423 2924 vis
441 2866 515 2927 eius.
555 2864 605 2927 76.
628 2866 731 2944 quibus
757 2874 873 2928 crescat
896 2885 958 2926 cum
982 2867 1049 2927 luna
1074 2875 1104 2926 ct

90 2948 243 3009 decrescat
266 2950 358 3009 iocur.
392 2950 575 3030 haruspicum
591 2952 722 3025 circaea
738 2951 963 3013 observationes
986 2958 1017 3011 et
1035 2967 1103 3029 pro-

90 3033 167 3112 digia
188 3028 292 3118 mira).
333 3033 405 3113 (77)
421 3035 602 3114 praecordia.
631 3037 726 3096 risuus
744 3044 856 3096 natura.
888 3033 961 3115 (78)
981 3035 1018 3096 de
1034 3053 1103 3095 ven-

90 3126 153 3195 tre,
179 3118 282 3198 quibus
305 3118 408 3178 nullus.
441 3138 515 3197 quae
538 3121 601 3181 sola
620 3129 746 3187 vomant.
784 3118 857 3199 (79)
873 3120 984 3194 lactes,
1002 3119 1102 3196 hillae,

90 3201 190 3279 alvus,
210 3203 307 3266 colon.
345 3221 435 3282 quare
454 3205 595 3282 quaedam
612 3206 786 3266 insatiabilia
802 3205 944 3265 animalia.
975 3201 1049 3282 (80)
1067 3203 1136 3264 deas

90 3297 221 3365 omento,
239 3288 274 3348 de
292 3287 409 3365 splene,
427 3289 531 3366 quibus
548 3288 709 3348 animalium
728 3291 848 3349 nonsit.
884 3289 956 3366 (81)
973 3288 1010 3349 de
1027 3290 1105 3349 reni·

90 3370 153 3430 hus.
189 3373 237 3432 ubi
259 3374 392 3451 quaterni
419 3371 608 3448 animalibus,
634 3372 738 3450 quibus
765 3374 846 3433 nulli.
883 3371 957 3452 (82)
987 3380 1103 3452 pectus,

88 3465 208 3533 costae,
239 3455 312 3534 (83)
335 3457 450 3532 vesica,
479 3456 583 3535 quibus
613 3456 782 3518 animalibus
807 3475 866 3518 non
892 3459 945 3538 sit,
972 3458 1032 3518 ilia.
1068 3456 1105 3517 de
