2400 3856
350 168 431 215 nur.
453 169 544 218 mss.
566 171 614 217 vr.
638 164 722 220 a—o.
747 155 850 238 (a-a.)
1043 152 1107 219 219

95 321 149 382 alia
162 320 259 381 Sanni.
284 320 389 382 flumen
402 320 533 383 Chobum
545 342 562 383 e
575 320 705 384 Caucaso
720 343 775 403 per
788 324 900 385 Sannos
915 322 1017 384 lluens.
1039 322 1106 384 dein

93 404 214 482 Rhoan,
231 408 316 483 regio
334 402 495 483 Cegritice,
513 425 612 468 amnes
629 407 755 485 Sigania,
774 407 915 487 Thersos,
931 407 1106 486 Astelphus,

96 487 326 565 Chrysorrhoas.
358 509 432 568 gens
447 489 589 567 Absilae,
611 490 760 552 castellnm
778 491 982 572 Sebastopolis
1001 510 1016 551 a
1035 490 1106 551 Pha·

95 573 157 632 side
176 582 290 634 eentum
307 573 336 632 M
354 592 497 651 passuum.
519 592 594 652 gens
613 575 795 652 Saniearum,
816 575 952 654 oppidum
975 572 1105 651 Cygnus,

59 672 72 710 s
95 656 200 717 llumen
219 666 250 716 et
275 658 411 735 oppidum
433 656 549 718 Penius.
584 657 690 719 deinde
706 659 803 719 multis
820 656 1105 719 nominibus'llenio·

94 741 213 801 chorum
230 750 345 818 gentes.
447 735 449 740 ’

155 823 184 886 5.
203 823 265 902 (5.)
283 824 429 885 Subicitur
446 824 532 886 Ponti
550 826 635 902 regio
653 821 770 904 Colica,
786 827 815 886 in
831 844 886 904 qna
901 827 968 903 iuga
984 823 1104 885 Caucasi
1124 831 1157 882 15

93 907 128 967 ad
146 907 277 986 Ripaeos
297 917 412 969 montes
434 916 624 988 torquentur,
647 918 678 969 ut
693 911 798 970 dictum
817 918 880 986 est,
903 910 996 969 altero
1012 909 1105 969 latere
1114 931 1157 972 sss

93 992 121 1049 in
141 990 284 1050 Euxinum
302 1001 332 1052 et
352 990 510 1052 Maeotium
532 993 661 1070 devexa,
683 992 777 1053 altero
793 995 822 1053 in
839 992 974 1071 Caspium
990 1002 1019 1053 et
1033 991 1108 1068 llyr-

55 1091 80 1131 ιο
94 1078 205 1135 carrium
220 1093 309 1136 mare.
348 1076 472 1155 Reliqua
494 1077 580 1136 litora
602 1077 685 1137 ferae
702 1079 836 1138 nationes
851 1085 972 1152 tenent,
997 1075 1107 1136 Melan·

93 1159 223 1236 chlaeni,
252 1157 358 1220 Coraxi
378 1160 450 1220 urbe
478 1159 653 1221 Colchorum
676 1159 867 1222 Dioscuriade
889 1162 967 1219 iuxta
990 1160 1107 1219 fluvium

94 1242 291 1303 Anthemunta
308 1261 383 1302 nunc
398 1243 532 1321 deserta,
554 1243 697 1322 quondam
712 1244 786 1305 adeo
802 1245 879 1305 clara
897 1253 928 1303 ut
944 1242 1107 1304 Timosthe-

93 1345 146 1386 nes
171 1328 201 1385 in
228 1343 291 1385 eam
318 1324 392 1385 CCC
417 1328 552 1387 nationes
580 1326 769 1406 dissimilibus
791 1328 898 1406 linguis
924 1328 1106 1389 descendere
1132 1390 1135 1395 ,

93 1409 264 1488 prodiderit.
296 1419 326 1470 et
341 1418 445 1488 postea
463 1428 478 1469 a
498 1411 608 1470 nostris
625 1407 733 1470 CXXX
754 1410 964 1489 interpretibus
985 1413 1106 1489 negotia

54 1503 179 1572 segesta
204 1493 253 1553 ibi.
294 1502 360 1554 sunt
381 1495 429 1571 qui
454 1494 597 1554 conditam
624 1511 687 1553 eam
713 1495 748 1553 ab
769 1494 908 1573 Amphito
932 1504 961 1554 et
983 1494 1104 1554 Telchio
1123 1505 1157 1559 16

95 1576 227 1638 Castoris
243 1595 276 1638 ac
287 1577 415 1637 Pollucis
427 1579 536 1655 aurigis
551 1584 669 1655 putent,
685 1577 818 1656 aquibus
834 1586 926 1637 ortam
941 1576 1105 1637 Heniocho-

93 1681 154 1722 rum
178 1671 296 1740 gentem
320 1663 384 1722 lere
409 1671 533 1721 constat.
582 1661 609 1720 A
634 1660 828 1721 Dioscuriade
854 1661 991 1739 oppidum
1015 1660 1106 1721 Hera·

93 1747 188 1806 cleum
199 1746 323 1823 *distat,
336 1764 352 1805 a
365 1745 553 1824 Sebastopoli
564 1743 644 1804 LXX
655 1743 685 1803 hl
696 1763 841 1823 passuum.
866 1745 990 1823 Achaei,
1001 1743 1106 1822 ldardi,

94 1829 258 1907 Cercetae,
277 1839 345 1908 pust
361 1848 413 1890 eos
430 1829 528 1905 Serri,
551 1827 765 1908 Cephalotomi.
796 1831 825 1887 in
841 1830 941 1888 intimo
959 1847 995 1888 eo
1012 1837 1107 1888 tractu

54 1931 80 1970 ao
94 1913 193 1989 Pityus
215 1914 352 1992 oppidum
375 1914 626 1992 opulentissimum
647 1913 683 1973 ab
705 1912 863 1972 Heniochis
882 1912 1026 1991 direptum
1048 1920 1105 1973 est.

93 2016 109 2057 a
137 2006 223 2074 tergo
252 2001 315 2079 eius
336 1997 532 2076 Epageritae,
559 1997 752 2057 Sarmatarum
780 1996 906 2075 populus
932 1998 962 2056 in
986 1994 1107 2057 Caucasi

93 2084 188 2160 iugis,
205 2091 274 2161 post
291 2101 376 2160 quem
388 2084 585 2142 Sauromatae.
612 2081 658 2140 Ad
673 2079 728 2140 hos
743 2081 916 2160 profugerat
925 2079 1107 2141 Mithridates
1125 2092 1158 2144 lt

94 2165 214 2227 Claudio
233 2167 377 2246 principe,
394 2166 578 2244 narravitque
595 2164 702 2225 Thalos
719 2166 755 2224 iis
772 2183 840 2225 esse
858 2166 989 2225 confines
1006 2167 1054 2243 qui
1070 2167 1107 2225 ah

95 2253 211 2310 oriente
227 2250 334 2328 Caspii
359 2253 446 2310 maris
473 2251 572 2309 lauces
595 2251 783 2326 attingerent.
824 2250 926 2309 siccari
947 2267 997 2309 eas
1023 2258 1108 2309 aestu

55 2349 81 2389 25
95 2332 263 2393 recedente.
300 2334 332 2392 ln
348 2351 399 2393 ora
417 2342 512 2392 autem
535 2335 614 2391 iuxta
630 2329 771 2392 Cercetas
793 2332 899 2393 flumen
913 2331 1030 2408 learus,
1053 2331 1107 2390 Aci

95 2434 157 2476 eum
172 2418 280 2494 oppido
296 2414 386 2475 Hiero
404 2424 434 2474 et
450 2415 582 2490 humine,
598 2414 634 2473 ah
649 2413 794 2474 lleraclco
814 2412 964 2474 CXXXVI
978 2412 1015 2472 Μ.
1040 2413 1107 2474 inde

93 2500 323 2579 promunturium
351 2496 483 2574 Crunoe,
511 2516 527 2556 a
558 2514 615 2574 quo
643 2496 829 2576 supercilium
857 2496 974 2556 arduum
1006 2505 1108 2557 tenent

94 2583 211 2643 Oratae.
242 2583 344 2643 civitas
360 2581 491 2659 Sindica,
510 2581 546 2641 ab
562 2581 655 2641 Hiero
670 2578 1020 2660 LXVllMDpassuum.
1057 2579 1108 2641 llu-

93 2686 159 2728 men
174 2666 341 2729 Secheries.

54 2767 81 2809 so
156 2750 187 2814 6.
200 2751 270 2812 lnde
283 2749 450 2828 adBospori
459 2747 605 2810 Cimmerii
619 2748 1106 2829 introitumLXXXVllllepass.

157 2834 219 2916 (6.)
242 2835 301 2895 Sed
326 2836 419 2913 ipsius
443 2832 616 2912 peninsulae
644 2835 721 2894 inter
745 2833 867 2894 Pontum
894 2843 924 2894 et
948 2832 1107 2894 Maeotium
1124 2839 1160 2896 18

93 2922 186 2982 laeum
203 2920 385 2980 excurrentis
402 2920 461 2978 non
471 2917 595 2996 amplior
607 2916 712 2978 LXVII
724 2916 753 2977 Μ
769 2917 795 2976 D
808 2936 943 2997 passuum
954 2917 1106 2994 longitudo

94 3014 158 3081 est,
177 3003 299 3064 latitudo
316 3021 455 3080 nusquam
470 3002 546 3061 inira
563 3000 619 3061 duo
635 3002 745 3079 iugera.
777 3000 890 3061 Eonem
904 3008 1021 3060 vocant.
1055 3018 1106 3060 ora

94 3090 158 3167 ipsa
169 3087 296 3165 Bospori
314 3087 459 3165 utrimque
476 3103 515 3145 ex
526 3086 599 3144 Asia
611 3093 698 3162 atque
710 3084 830 3163 Europa
842 3091 977 3143 curvatur
987 3084 1016 3142 in
1028 3082 1107 3144 blae-

55 3188 80 3228 as
96 3173 175 3231 otim.
209 3170 316 3248 oppida
327 3171 356 3229 in
372 3170 450 3230 aditu
461 3169 588 3247 Bospori
605 3171 698 3247 primo
709 3167 904 3243 Herrnonasa,
920 3166 987 3227 dein
1003 3165 1105 3245 Cepoe

93 3255 284 3331 Milesiorum,
302 3271 370 3313 mox
382 3252 538 3313 Stratoclia
551 3261 580 3313 et
592 3253 788 3330 Phanagoria,
804 3258 835 3310 et
852 3268 945 3329 paene
958 3250 1106 3311 desertum

93 3340 243 3418 Apaturos
252 3337 409 3417 ultimoque
422 3338 538 3398 inostio
548 3335 741 3412 Cimmerium,
756 3334 833 3413 quod
847 3343 932 3396 antea
941 3332 1107 3395 Cerberion

92 3424 260 3484 vocabatur.
