2400 3856
143 155 202 218 184
515 164 546 211 c.
563 165 659 211 Pnrur
676 164 827 213 sncuuor

142 335 278 384 terraneo
303 320 395 381 altera
417 319 541 398 Augusti
562 319 676 379 colonia
698 329 742 378 est
763 319 862 379 Babba
878 314 950 379 Iulia
965 316 1151 399 Campestris

144 406 309 486 appellata,
331 413 361 463 et
381 405 468 464 tertia
482 403 594 464 Banasa
612 401 717 463 LXXV
732 403 761 463 Μ
776 403 911 463 Valentia
929 405 1146 480 cognominata.

144 490 180 551 ab
194 508 229 549 ea
242 485 543 566 XXXVMpassuum.
560 486 698 546 Volubile
717 487 853 565 oppidum
870 487 1036 547 tantundem
1047 506 1064 548 a
1076 490 1150 547 mari

145 583 271 652 utroque
287 571 405 632 distans.
423 580 452 631 at
467 574 495 630 in
511 588 563 631 ora
580 589 597 630 a
611 570 716 630 LixoL
731 570 759 630 M
774 572 863 630 amnis
879 570 1013 630 Sububus
1030 580 1150 649 praeter

144 657 285 718 Banasam
302 655 445 715 coloniam
460 653 608 730 defluens,
624 655 793 731 magnificus
810 664 839 714 et
854 653 1035 732 navigabiIis.
1055 655 1093 714 ab
1112 664 1170 714 cot

145 742 264 802 totidem
279 737 309 798 M
329 757 407 818 pass.
430 739 568 818 oppidum
588 737 655 798 Sala
674 738 803 798 eiusdem
824 740 944 797 nominis
961 738 1049 798 durio
1064 740 1148 818 inpo-

145 827 247 900 situm,
275 825 331 883 iam
356 821 557 883 solitudinibus
572 822 696 881 vicinum
712 821 990 900 elephantorumque
1006 822 1149 898 gregibus

115 963 120 971 .
144 909 294 984 infestum,
319 907 408 967 multo
433 915 528 966 tamen
550 907 643 982 magis
668 904 837 964 Autololum
858 915 963 982 gente,
987 923 1150 985 perquam

116 994 199 1059 citer
215 1000 260 1053 est
275 989 312 1052 ad
327 1000 452 1051 montem
468 989 588 1049 Alricae
608 989 656 1048 vel
674 988 916 1048 fabulosissimum
932 988 1090 1050 Atlantem.
1123 989 1147 1049 u

145 1077 248 1137 mediis
269 1075 345 1134 huno
364 1074 480 1133 harenis
507 1075 535 1131 in
561 1072 674 1132 caelum
696 1072 787 1132 attolli
811 1073 983 1151 prodidere,
1009 1090 1147 1152 asperum
1160 1086 1184 1126 ¹⁰

146 1159 327 1238 squalentem
349 1174 405 1235 qua
428 1164 531 1234 uergat
548 1155 583 1216 ad
606 1154 690 1216 litora
706 1158 808 1216 oceani
825 1158 870 1216 cui
886 1173 1049 1234 cognomen
1064 1158 1149 1235 iupo-

146 1245 218 1318 suit,
248 1240 371 1300 eundem
397 1256 520 1319 opacum
542 1256 785 1318 nemorosumque
810 1249 840 1300 et
863 1240 1006 1301 scatebris
1028 1238 1151 1300 fontium

146 1327 258 1403 riguum
291 1342 346 1402 qua
372 1332 488 1402 spectet
516 1322 661 1399 Africam,
690 1323 831 1384 fructibus
858 1325 981 1383 omnium
1006 1341 1150 1400 generum

147 1418 252 1488 sponte
277 1409 315 1468 ita
341 1408 583 1468 subnascentibus
611 1418 641 1468 nt
666 1425 817 1487 numquam
840 1409 927 1468 satias
952 1406 1150 1486 uoluptatibus

119 1494 233 1556 tdesit.
262 1491 421 1552 incolarum
441 1494 584 1552 neminem
605 1493 727 1552 interdiu
743 1493 839 1567 cerni,
866 1491 954 1551 silere
971 1493 1065 1552 omnia
1083 1492 1185 1553 haut¹⁵

84 1578 92 1584 ”
147 1578 204 1639 alio
230 1595 316 1655 quam
337 1575 520 1636 solitudinum
541 1576 679 1650 horrore,
709 1576 807 1635 subire
835 1576 950 1635 tacitam
976 1574 1151 1652 religionem

147 1662 257 1722 animos
279 1660 401 1738 pro'pius
426 1659 626 1719 accedentium
647 1668 823 1737 praeterque
845 1659 997 1718 horrorem
1018 1659 1088 1718 elati
1104 1678 1151 1719 su·

148 1764 203 1824 per
221 1742 317 1803 nubila
337 1753 424 1822 atque
446 1745 475 1802 in
497 1744 591 1803 vicina
613 1743 719 1803 lunaris
735 1742 846 1802 circuli.
876 1743 999 1803 eundem
1014 1743 1152 1803 noctibus
1178 1792 1182 1798 .

146 1830 255 1888 micare
282 1825 393 1886 crebris
414 1826 544 1904 ignibus,
571 1826 753 1906 Aegipanum
777 1828 1003 1905 Satyrorumque
1030 1827 1153 1886 lascivia

147 1911 267 1990 inpleri,
292 1910 425 1970 tibiarum
448 1929 483 1970 ac
501 1911 615 1970 fistulae
639 1919 723 1970 cantu
745 1919 1003 1989 tympanorumque
1026 1919 1057 1969 et
1073 1929 1186 1986 epm-ao

146 1996 279 2056 balorum
294 1995 388 2053 sonitu
404 2002 549 2074 strepere.
584 1993 664 2054 Haeo
683 1993 822 2054 celebrati
838 2004 973 2054 auctores
991 1994 1152 2071 prodidere

147 2086 266 2157 praeter
290 2075 409 2136 Herculi
435 2087 464 2136 et
490 2077 600 2137 Perseo
627 2077 758 2138 laborata
785 2077 834 2137 ihi.
872 2079 995 2156 spatium
1022 2078 1059 2137 ad
1086 2096 1153 2137 enm

119 2164 306 2223 &inmensum
320 2161 528 2239 incertumque.
556 2159 651 2220 Fuere
667 2170 696 2220 et
709 2160 856 2222 Hannonis
872 2159 1153 2238 Carthaginiensium

149 2245 230 2306 ducis
266 2244 462 2303 commentarii
489 2242 604 2302 Punicis
630 2245 718 2304 rebus
750 2245 961 2305 florentissimis
992 2246 1152 2322 explorare

149 2328 284 2389 ambitum
299 2326 420 2387 Africae
441 2327 528 2403 iussi,
552 2346 637 2407 quem
658 2330 752 2388 secuti
774 2329 907 2408 plerique
923 2348 940 2389 a
956 2327 1077 2389 Graecis
1098 2347 1186 2389 noas

148 2413 274 2490 strisque
293 2419 322 2471 et
339 2411 395 2472 alia
411 2412 528 2490 quidem
549 2412 683 2472 labulosa
706 2422 735 2472 et
756 2413 835 2472 urhis
851 2414 954 2473 multas
969 2411 1006 2472 ab
1026 2429 1064 2472 eo
1081 2429 1151 2479 con·

148 2498 221 2557 ditas
246 2495 287 2556 ihi
314 2495 487 2575 prodidere,
512 2514 631 2574 quarum
652 2514 708 2556 nec
734 2499 872 2557 memoria
892 2497 951 2557 ulla
979 2514 1035 2556 nec
1060 2498 1151 2556 vesti·

118 2582 225 2657 ligium
241 2587 345 2639 exstat.
381 2580 521 2658 Scipione
542 2579 704 2640 Aemiliano
719 2598 769 2639 res
791 2582 819 2639 in
834 2579 934 2641 Airica
950 2588 1073 2657 gerente
1094 2579 1151 2640 Po-

149 2662 244 2737 beius
274 2661 416 2722 annalium
444 2663 579 2723 conditor
609 2664 645 2723 ab
672 2681 709 2722 eo
736 2673 860 2741 accepta
882 2664 979 2724 classe
1002 2664 1153 2724 scrutandi

148 2744 226 2804 illius
252 2744 332 2803 orbis
360 2747 453 2821 gratia
484 2747 694 2807 circumvectus
727 2747 854 2825 prodidit
883 2755 1019 2808 amunte
1047 2765 1084 2806 eo
1113 2746 1151 2807 ad
1161 2771 1187 2811 ao

143 2845 278 2892 occasum
297 2845 403 2888 uersus
425 2829 536 2889 saltuus
557 2829 662 2908 plenos
684 2831 756 2892 feris
778 2849 849 2910 quas
864 2841 988 2910 generat
1003 2829 1105 2890 Airica
1120 2828 1158 2889 ad

143 2914 248 2974 humen
270 2913 387 2972 Anatim
409 2909 688 2975 GCGGLXXXXVI
707 2913 737 2974 M
763 2933 907 2994 passuum.
943 2916 979 2974 ab
1000 2931 1038 2974 eo
1053 2912 1156 2972 Lixum

143 2996 218 3060 GGV
238 2996 268 3058 M
293 3014 428 3076 passuum
449 2998 598 3078 Agrippa,
627 2997 728 3058 Lixum
754 3016 771 3059 a
798 2998 938 3059 Gaditano
968 2999 1045 3058 freto
1076 2994 1157 3057 GXII

140 3080 171 3143 M
184 3100 320 3163 passuum
336 3080 454 3144 abesse.
480 3082 548 3143 inde
563 3084 655 3143 sinum
675 3084 723 3162 qui
740 3091 863 3143 vocetur
877 3082 995 3160 Sagigi,
1018 3081 1157 3160 oppidum

140 3167 170 3227 ln
190 3167 390 3246 promunturio
411 3165 589 3243 Mulelacha,
610 3167 724 3227 humina
744 3166 890 3227 Sububam
913 3176 944 3227 et
965 3165 1062 3240 Salat,
1087 3181 1155 3242 por·
1169 3178 1194 3218 ³⁵

141 3258 200 3310 tum
215 3249 339 3310 Rutubis
356 3267 372 3310 a
389 3250 462 3312 Lixo
480 3249 600 3311 CCXIII
614 3250 644 3310 M
660 3269 751 3330 pass,
773 3252 840 3312 inda
858 3250 1086 3330 promunturium
1102 3247 1156 3307 So-

140 3334 195 3411 lis,
218 3343 332 3414 portum
351 3333 531 3410 Rhysaddir,
559 3333 697 3394 Gaetulos
719 3334 892 3410 Autoteles,
914 3334 1018 3394 llumen
1040 3329 1156 3403 Quose·

140 3434 221 3497 num,
241 3425 349 3497 gentes
364 3416 511 3478 Velatitos
528 3425 557 3476 et
573 3415 720 3496 Masatos,
741 3417 845 3481 llumen
866 3417 1025 3495 Masathat,
1048 3414 1155 3475 llumen
