2400 3856
419 222 499 270 unu.
521 200 612 269 urs'u.
634 222 681 269 vr.
704 215 747 269 aa.
771 206 833 289 (aa.)
1064 203 1126 270 247

118 369 205 433 11111
227 372 444 452 Tricoryphos,
474 374 558 452 regio
586 371 784 452 Chardaleon,
817 375 929 436 insulae
954 373 1126 452 Solanades,

119 455 274 534 Cachinna,
290 460 360 517 item
371 457 662 535 Ichthyophagorum.
689 457 756 518 dein
772 456 860 538 Clari,
876 459 944 519 litus
958 458 1127 536 Mamaeum,
1180 488 1184 495 ·

119 541 166 600 ubi
188 543 250 601 auri
271 540 403 618 metalla,
433 543 518 617 regio
541 539 691 617 Canauna,
714 551 819 619 gentes
844 542 987 622 Apitami,
1010 542 1125 619 Casani,

117 624 210 683 insula
226 623 366 701 Devade,
389 626 456 684 lons
475 623 606 701 Coralis,
624 621 778 703 Carphati,
798 627 911 686 insulae
931 626 1039 703 Alaea,
1060 625 1127 684 Arn-

85 721 99 762 o
118 707 282 783 namatius,
310 726 384 785 gens
398 707 502 768 Darae.
538 707 650 768 insulae
668 706 848 785 Chalonitis,
874 709 1115 788 Ichthyophagon
1129 714 1176 767 151

114 792 240 868 multae,
265 790 382 852 Odanda
403 791 537 868 deserta,
556 790 647 868 Rasa,
670 792 777 852 multae
794 792 979 853 Sabaeorum.
1012 792 1127 853 llumina

116 874 246 950 Thanar,
265 874 406 951 Amnum,
428 875 539 936 insulae
560 874 695 935 Doricae.
734 876 832 935 tontes
854 875 1016 951 Daulotos,
1037 875 1134 935 Dora.

115 958 227 1018 insulae
242 957 364 1036 Ptoios,
380 957 550 1035 Labatanis,
568 957 713 1035 Coboris,
728 958 933 1020 Sambrachate
948 967 978 1018 et
990 958 1126 1037 oppidum

117 1041 220 1102 eodem
237 1044 351 1103 nomine
366 1044 396 1102 in
412 1044 589 1103 continente.
625 1061 642 1102 a
659 1043 780 1103 meridie
797 1042 909 1103 insulae
924 1042 1047 1118 multae,
1068 1059 1125 1102 ma·

77 1127 190 1185 aouima
213 1122 334 1186 Camari.
376 1125 481 1186 llumen
507 1125 677 1204 Musecros,
702 1136 806 1205 portus
827 1125 949 1204 Laupas.
989 1127 1126 1187 Scenitae

115 1208 237 1285 Sabaei,
264 1209 375 1270 insulae
389 1210 515 1286 multae,
539 1212 698 1288 emporium
719 1229 819 1271 eorum
840 1210 940 1288 Acila,
959 1229 996 1270 11
1016 1228 1074 1289 qno
1097 1211 1126 1268 11

114 1290 223 1351 indiam
238 1294 397 1370 navigatur.
431 1294 528 1370 Regio
545 1292 773 1369 Amithoscatta,
789 1293 923 1371 Damnia,
943 1293 1010 1353 blizi
1028 1295 1177 1354 maio-152

116 1392 163 1435 111
191 1383 221 1435 11
251 1376 397 1451 minores,
430 1376 560 1435 Drimati.
604 1375 869 1437 Naumachaeorum
898 1380 1125 1455 promunturium

116 1468 216 1518 contra
238 1456 415 1518 Carmaniam
436 1459 522 1519 distat
545 1458 566 1518 L
589 1459 648 1519 mil.
671 1477 815 1538 passuum.
853 1460 923 1519 mira
940 1480 987 1520 res
1006 1462 1046 1520 ibi
1068 1470 1125 1520 tra·

77 1543 210 1619 11111111,
235 1541 405 1602 Numenium
432 1543 468 1603 ab
488 1541 635 1602 Antiocho
663 1561 736 1620 rege
765 1541 904 1604 Mesenae
927 1546 1126 1622 praepositum

116 1627 156 1686 ibi
175 1627 285 1686 vicisse
301 1626 406 1685 eodem
425 1627 472 1686 die
494 1626 589 1687 111111
610 1635 753 1705 aestuque
776 1645 901 1688 reverso
921 1629 1025 1687 iterum
1044 1627 1124 1706 equi·

116 1718 176 1769 tatu
190 1718 292 1770 contra
312 1709 418 1770 Persas
441 1710 623 1770 dimicantem
643 1718 674 1770 et
696 1712 811 1788 gemina
829 1720 950 1789 tropaea
971 1711 1075 1771 eodem
1096 1712 1125 1770 in

115 1793 183 1854 loco
197 1793 259 1853 Iovi
278 1812 313 1854 ac
327 1793 464 1873 Neptuno
480 1795 629 1854 statuisse.
663 1793 758 1854 lnsula
774 1797 802 1855 in
818 1795 878 1854 alto
898 1795 1014 1855 obiacet
1035 1794 1180 1871 0gp·153

116 1878 174 1952 111,
201 1877 279 1937 11111
304 1876 430 1952 Erythra
460 1896 532 1955 rege
562 1877 603 1937 ibi
629 1878 754 1955 sepulto.
796 1878 883 1938 distat
914 1896 930 1938 a
956 1879 1124 1939 continente

76 1976 103 2016 ao
118 1958 225 2020 CXXV
240 1960 298 2020 mil.
312 1979 389 2038 pass.
407 1962 572 2021 circumitur
588 1957 667 2020 CXll
682 1961 739 2021 mil.
752 1961 777 2020 D
794 1979 938 2039 passuum.
969 1962 1125 2021 necminos

116 2044 209 2104 altera
238 2043 315 2104 clara
338 2046 367 2104 11
392 2045 506 2105 Azanio
529 2046 599 2104 mari
619 2045 811 2123 Dioscorida,
840 2044 949 2104 distans
974 2062 990 2104 a
1012 2044 1125 2121 Syagro

94 2127 96 2131 ’
117 2136 232 2188 extumo
255 2130 455 2207 promunturio
480 2126 637 2190 CCLXXX
659 2129 718 2188 mil.
739 2147 817 2208 pass.
853 2129 970 2208 Reliqui
990 2130 1020 2188 in
1035 2128 1126 2188 contl-

117 2220 206 2271 nente
217 2229 232 2269 a
245 2220 316 2272 uoto
328 2214 481 2272 etiamnum
492 2213 662 2290 Autaridae,
677 2214 706 2272 11
716 2222 830 2273 montes
844 2212 899 2273 Vll
911 2213 1022 2274 dierum
1035 2221 1126 2272 trans-

116 2297 183 2353 itus.
226 2303 333 2371 gentes
360 2295 519 2355 Larendani
543 2305 573 2355 11
600 2295 755 2374 Catapani,
784 2295 966 2356 Gebbanitae
994 2296 1126 2374 pluribus

77 2391 104 2435 aa
119 2374 251 2454 oppidis,
281 2377 333 2436 sed
356 2379 485 2437 maximis
507 2377 599 2455 Nagia
626 2387 656 2437 et
679 2379 821 2453 Thomna,
845 2379 1018 2457 templorum
1039 2377 1126 2438 LXV.

117 2461 190 2521 haec
208 2467 254 2520 est
274 2460 468 2540 amplitudinis
484 2462 665 2537 significatio.
701 2460 946 2538 Promunturium,
969 2479 1061 2540 aquo
1077 2460 1112 2521 ad
1127 2471 1179 2524 154

119 2545 315 2605 continentem
331 2543 559 2622 Trogodytarum
576 2543 597 2603 L
614 2543 642 2602 ll
658 2562 748 2622 pass,
766 2543 894 2622 Thoani,
915 2545 1037 2622 Actaei,
1054 2542 1127 2605 Cha·

118 2630 300 2706 tramotitae,
319 2628 485 2705 Tonabaei,
501 2627 664 2688 Antiadalei
681 2635 711 2688 et
724 2626 888 2705 Lexianae,
911 2629 1038 2707 Agraei,
1056 2626 1126 2688 Cer-

117 2712 202 2789 bani,
224 2711 330 2772 Sabaei
346 2711 473 2772 Arabum
489 2720 613 2791 propter
631 2720 693 2772 tara
711 2711 863 2772 clarissimi
880 2713 914 2773 ad
932 2722 1053 2791 utraque
1071 2731 1128 2773 ma·
1189 2716 1192 2723 '

78 2811 105 2853 ao
120 2797 160 2854 ria
172 2798 318 2873 porrectis
331 2796 475 2874 gentibus.
507 2795 613 2874 oppida
629 2813 729 2856 eorum
744 2796 773 2854 in
784 2794 886 2857 Rubro
902 2797 990 2857 litore
1003 2796 1125 2874 1111111,

117 2877 243 2955 llarma,
264 2876 399 2957 Corolia,
421 2878 576 2956 Sabratha,
603 2881 679 2941 'artus
705 2879 811 2957 oppida
832 2880 961 2958 Nascus,
984 2878 1126 2957 Cardava,

119 2960 229 3022 Carnus
245 2969 275 3021 et
290 2981 347 3041 quo
362 2982 476 3024 merces
489 2962 609 3022 odorum
624 2962 757 3023 deferunt
767 2962 912 3024 Thomala.
936 2969 1179 3042 111111111151

118 3044 296 3123 Atramitae,
313 3064 432 3124 quorum
449 3055 535 3124 caput
550 3046 658 3106 Sabota
669 3044 721 3106 LX
738 3048 845 3126 templa
860 3049 949 3107 muris
965 3046 1127 3124 includens,

119 3131 199 3205 regia
217 3136 312 3190 tamen
330 3140 376 3191 est
395 3132 518 3189 omnium
533 3128 730 3190 Mareliabata.
763 3132 854 3189 sinum
871 3132 1003 3210 optinent
1017 3128 1127 3191 XCllll

79 3210 147 3270 sold
164 3230 241 3291 pass.
259 3214 397 3273 refertum
413 3213 515 3273 insulis
531 3213 698 3274 odoriferis.
738 3213 886 3274 Atramitis
908 3216 937 3274 in
958 3214 1127 3275 mediterra-

119 3313 174 3357 nea
194 3297 350 3373 iunguntur
371 3296 494 3374 Minaei,
519 3315 599 3358 mare
621 3297 754 3358 accolunt
777 3306 808 3357 et
830 3298 993 3358 Aelamitae
1019 3297 1128 3377 oppido

119 3379 249 3439 eiusdem
268 3381 399 3439 nominis.
431 3379 475 3439 his
491 3381 578 3441 iuncti
596 3378 780 3442 Chaculatae.
817 3382 953 3460 oppidum
969 3381 1030 3442 Sibi
1051 3379 1129 3460 quod

119 3461 221 3524 Graeci
237 3463 353 3543 Apaten
368 3473 489 3542 vocant,
512 3464 596 3540 Arsi,
614 3463 746 3543 Codani,
770 3463 880 3527 Vadaei
898 3465 1005 3545 oppido
1023 3482 1128 3542 magno
