2400 3856
356 160 435 210 aar.
459 153 742 213 nrsr.v.1e-ac.
765 149 906 222 (ra-17.)
1077 141 1139 219 199

122 319 217 397 dictu)
234 336 307 395 gens
324 324 445 377 aeterna
460 322 523 390 est,
544 315 646 392 inqua
666 332 750 374 nemo
772 315 910 374 nascitur.
939 322 996 373 tam
1015 313 1138 374 fecunda

125 405 183 463 illis
204 402 325 461 aliorum
340 399 420 459 uitae
442 398 622 477 paenitentia
642 406 698 464 est,
746 398 825 458 lnlra
846 398 900 458 hos
916 396 1035 474 Engada
1056 401 1139 477 oppi-

124 487 189 547 dum
205 486 279 561 iuit,
301 482 458 545 secundum
479 481 515 542 ab
530 480 747 558 Hierosolymis
764 482 916 543 fertilitate
931 483 1137 560 palmetorum-

125 589 182 648 que
198 568 382 644 nemoribus,
411 584 485 627 nunc
508 565 631 627 alterum
651 565 777 627 bustum.
810 566 876 626 iude
895 565 1012 626 hlasada
1032 567 1137 627 castel·

92 655 181 714 ulum
195 655 232 729 ¹in
254 670 327 732 rupe
350 659 381 712 et
399 652 494 730 ipsum
514 649 582 709 haut
601 649 703 728 procul
723 649 900 729 Asphaltite.
940 649 978 709 Et
998 651 1137 710 hactenus

124 738 232 797 iudaea
248 740 303 797 cst‘.

190 806 242 882 18.'
260 817 344 899 (16.)
365 817 496 896 iungitur
515 819 543 879 ei
571 817 665 879 latere
688 816 790 895 Syriae
816 818 1027 896 Decapolitana
1054 818 1138 896 regio
1156 823 1191 874 74

125 921 279 965 enumero
299 902 487 982 oppidorum,
516 904 547 962 ia
570 918 630 979 quo
645 920 703 963 non
724 916 826 963 ornnes
846 901 947 963 eadem
969 903 1138 978 observant,

126 990 276 1068 plurimum
298 996 393 1047 tamen
409 987 579 1047 Damascum
601 995 692 1066 epoto
713 988 806 1064 riguis
828 1005 911 1047 amne
936 984 1139 1062 Chrysorrhca

87 1094 113 1134 10
126 1073 271 1149 fertilem,
293 1070 537 1150 Philadelphiam,
552 1071 754 1150 Rhaphanam,
777 1072 872 1131 omnia
890 1073 919 1131 in
935 1070 1073 1131 Arabiam
1092 1090 1139 1130 re·

125 1157 275 1233 cedentia,
291 1155 510 1234 scythopolim,
526 1163 612 1216 autea
625 1154 750 1234 Nysam,
766 1174 783 1216 a
798 1154 907 1216 hibero
921 1155 1007 1215 Patre
1024 1155 1140 1235 sepulta

125 1235 237 1301 nutrice
256 1240 297 1299 ibi
321 1238 436 1315 Scythis
456 1239 606 1315 dederatis,
622 1237 748 1318 Gadara,
763 1239 930 1301 hieromice
945 1239 1138 1319 praefluente,

126 1333 156 1384 et
172 1326 227 1383 iam
244 1323 350 1383 dietum
365 1321 492 1400 llippon,
509 1323 602 1399 Dion,
618 1322 728 1383 Pellam
747 1325 829 1402 aquus
844 1322 974 1401 diuitem,
996 1323 1138 1402 Galasam,
1151 1328 1175 1369 ἡ

128 1405 294 1473 Canatham.
337 1404 536 1466 intercursant
556 1407 735 1482 cinguntque
757 1407 811 1466 has
834 1407 924 1467 urbes
950 1407 1137 1484 tetrarchiae,

88 1511 113 1552 15
127 1508 286 1569 regnorum
301 1489 393 1549 instar
411 1488 563 1568 singulae,
579 1497 609 1548 et
623 1506 715 1566 regna
729 1489 966 1568 contribuuntur,
983 1489 1140 1551 Trachoni-

127 1579 181 1652 tis,
200 1575 303 1635 Panias
318 1575 349 1635 in
364 1590 419 1651 qua
441 1571 667 1636 Caesareanum
686 1590 774 1652 supra
791 1572 869 1634 dicto
892 1573 992 1651 ionte,
1013 1573 1139 1652 Ambila,
1152 1584 1175 1620 ⁷¹

126 1660 220 1735 Arca,
236 1658 448 1736 Ampeloessa,
465 1656 556 1718 Gabe.

189 1740 237 1805 19.
255 1741 337 1821 (it.)
358 1740 433 1801 llinc
448 1741 629 1803 redeundum
643 1750 689 1805 est
706 1741 742 1802 ad
757 1759 837 1803 oram
852 1751 938 1821 atque
961 1741 1138 1803 Phoenicen.
1157 1747 1193 1799 tc

127 1828 193 1888 Fuit
226 1825 362 1904 oppidum
392 1823 588 1904 Crocodilon,
621 1835 666 1887 est
702 1825 817 1886 humen.
861 1828 1000 1887 memoria
1028 1827 1141 1886 urbium

87 1911 255 1986 eoDorum,
278 1909 467 1986 sycaminum.
500 1912 727 1988 promunturium
753 1907 914 1971 Carmelum
936 1919 967 1970 et
992 1911 1023 1970 in
1041 1918 1140 1970 moute

129 1992 1141 2155 tttllhttlfftttffltuatttttltttl,alitilialitt

128 2181 219 2242 parvo
241 2162 321 2223 litori
342 2162 476 2223 miscens.
518 2164 585 2243 ipsc
609 2183 627 2224 e
652 2163 757 2242 palude
784 2161 930 2224 Genderia
956 2181 973 2223 a
995 2163 1140 2225 radicibus

130 2245 253 2306 Carmeli
283 2246 417 2324 prolluit,
443 2249 522 2309 iuxta
545 2250 661 2310 colonia
686 2246 786 2309 Claudi
813 2247 949 2309 Caesaris
970 2247 1140 2325 Ptolemais,

88 2348 116 2390 ²⁵
129 2348 204 2472 llll
225 2329 367 2487 hildim
384 2330 648 2490 ditrutlltl
661 2330 1140 2493 ltlttttntlttttthtl
1157 2419 1195 2473 a

130 2496 240 2573 diuisa,
258 2512 333 2554 nunc
347 2454 422 2557 'uero
439 2495 597 2557 Alexandri
613 2500 806 2576 oppugnantis
821 2498 960 2576 operibus
976 2498 1139 2574 continens,

130 2580 199 2640 olim
213 2588 296 2658 partu
313 2578 393 2640 clara
407 2579 529 2641 urbibus
543 2581 655 2658 genitis
666 2578 768 2660 Lepti,
786 2579 888 2656 Utica,
905 2588 936 2641 et
950 2580 1000 2640 illa
1017 2581 1140 2640 Romani

91 2663 1140 2811 abtttlrlltllttltttttilalinltlltllatti

130 2831 227 2909 chylio
245 2841 332 2911 atquc
350 2849 478 2912 purpura
495 2841 617 2895 constat.
648 2835 788 2895 circuitus
800 2832 870 2894 xlx
884 2831 913 2893 tl
928 2851 1064 2911 passuum
1082 2841 1138 2909 cst,

129 2918 204 2975 intra
219 2916 374 2994 Palaetyro
390 2917 512 2979 inclusa.
544 2917 681 2997 oppidum
695 2920 790 2996 ipsum
808 2916 893 2978 xxti
908 2917 998 2978 madia
1018 2919 1138 2995 optinet.

129 2998 200 3058 inde
221 2999 308 3061 ldaea
328 3008 359 3062 et
381 3002 505 3080 Sarepta
528 3008 558 3062 et
582 3000 726 3063 Ornithon
746 3002 852 3082 oppida
873 3010 903 3061 et
923 3000 1014 3061 Sidon
1034 2999 1140 3060 artifex

134 3084 199 3142 uitri
215 3082 435 3163 Thebarumque
452 3086 638 3146 Boeotiarum
652 3103 767 3164 parens.
802 3083 852 3148 20.
870 3083 894 3143 A
913 3093 999 3161 tergo
1017 3086 1079 3145 eius
1095 3082 1139 3142 Li·
1157 3090 1192 3141 tr

94 3184 121 3226 ar
135 3166 225 3226 banus
241 3184 324 3227 mons
341 3184 426 3229 orsus
442 3168 497 3230 iub
512 3169 613 3230 stadiis
627 3169 768 3248 zimyram
782 3186 875 3248 usque
890 3169 1050 3247 porrigitur
1066 3184 1140 3247 quae

131 3249 240 3312 Coeles
259 3252 363 3328 Syriae
385 3255 615 3331 cognominatur.
658 3253 724 3315 huic
750 3272 803 3333 par
822 3254 1038 3313 interveniente
1061 3251 1139 3312 valle

128 3352 211 3396 mons
229 3338 369 3398 adversus
384 3337 565 3398 Antilibanus
580 3338 748 3400 obtenditur
766 3336 907 3416 quondam
923 3353 1005 3396 muro
1022 3337 1140 3397 coniun-

129 3427 202 3481 ctus.
236 3429 305 3500 post
327 3439 392 3482 eum
411 3423 555 3484 introrsus
574 3422 784 3501 Decapolitana
805 3423 891 3500 regio
913 3421 1176 3502 praedictaequera
