<?xml version="1.0" encoding="UTF-8"?>
<!DOCTYPE html PUBLIC "-//W3C//DTD XHTML 1.0 Transitional//EN"
    "http://www.w3.org/TR/xhtml1/DTD/xhtml1-transitional.dtd">
<html xmlns="http://www.w3.org/1999/xhtml" xml:lang="en" lang="en">
 <head>
  <title>
</title>
<meta http-equiv="Content-Type" content="text/html;charset=utf-8" />
  <meta name='ocr-system' content='tesseract 3.04.00' />
  <meta name='ocr-capabilities' content='ocr_page ocr_carea ocr_par ocr_line ocrx_word'/>
</head>
<body>
  <div class='ocr_page' id='page_1' title='image "./cplinisecundina07plingoog_0254.png"; bbox 0 0 2400 3856; ppageno 0'>
   <div class='ocr_carea' id='block_1_1' title="bbox 308 161 1109 247">
    <p class='ocr_par' dir='ltr' id='par_1_1' title="bbox 308 161 1109 247">
     <span class='ocr_line' id='line_1_1' title="bbox 308 161 1109 247; baseline -0.006 -17"><span class='ocrx_word' id='word_1_1' title='bbox 308 182 387 232; x_wconf 75' lang='lat' dir='ltr'><strong>nur.</strong></span> <span class='ocrx_word' id='word_1_2' title='bbox 410 182 501 230; x_wconf 83' lang='lat' dir='ltr'><strong>nrsr.</strong></span> <span class='ocrx_word' id='word_1_3' title='bbox 524 181 588 229; x_wconf 89' lang='lat'>1111.</span> <span class='ocrx_word' id='word_1_4' title='bbox 613 174 728 226; x_wconf 80' lang='lat'>11-12.</span> <span class='ocrx_word' id='word_1_5' title='bbox 753 165 891 247; x_wconf 83' lang='lat' dir='ltr'><strong>(ra-ao)</strong></span> <span class='ocrx_word' id='word_1_6' title='bbox 1049 161 1109 226; x_wconf 85' lang='grc'><strong>167</strong></span> 
     </span>
    </p>
   </div>
   <div class='ocr_carea' id='block_1_2' title="bbox 56 334 1163 3515">
    <p class='ocr_par' dir='ltr' id='par_1_2' title="bbox 93 334 1160 667">
     <span class='ocr_line' id='line_1_2' title="bbox 93 334 1107 413; baseline -0.009 -14"><span class='ocrx_word' id='word_1_7' title='bbox 93 339 197 399; x_wconf 91' lang='lat' dir='ltr'><strong>Plotae</strong></span> <span class='ocrx_word' id='word_1_8' title='bbox 219 337 324 401; x_wconf 84' lang='lat' dir='ltr'><strong>dictae.</strong></span> <span class='ocrx_word' id='word_1_9' title='bbox 362 346 429 397; x_wconf 89' lang='lat' dir='ltr'><strong>ante</strong></span> <span class='ocrx_word' id='word_1_10' title='bbox 453 334 669 413; x_wconf 78' lang='lat' dir='ltr'>Cephallaniam</span> <span class='ocrx_word' id='word_1_11' title='bbox 689 335 801 395; x_wconf 79' lang='lat' dir='ltr'><strong>Letoia.</strong></span> <span class='ocrx_word' id='word_1_12' title='bbox 837 343 903 395; x_wconf 90' lang='lat' dir='ltr'><strong>ante</strong></span> <span class='ocrx_word' id='word_1_13' title='bbox 923 334 1024 409; x_wconf 92' lang='lat' dir='ltr'><strong>Pylum</strong></span> <span class='ocrx_word' id='word_1_14' title='bbox 1046 340 1107 392; x_wconf 92' lang='lat' dir='ltr'><strong>tres</strong></span> 
     </span>
     <span class='ocr_line' id='line_1_3' title="bbox 95 418 1160 501; baseline -0.008 -19"><span class='ocrx_word' id='word_1_15' title='bbox 95 422 262 501; x_wconf 87' lang='lat' dir='ltr'><strong>Sphageae,</strong></span> <span class='ocrx_word' id='word_1_16' title='bbox 279 422 399 481; x_wconf 90' lang='lat' dir='ltr'><strong>totidem</strong></span> <span class='ocrx_word' id='word_1_17' title='bbox 415 429 481 480; x_wconf 93' lang='lat' dir='ltr'><strong>ante</strong></span> <span class='ocrx_word' id='word_1_18' title='bbox 493 418 653 480; x_wconf 84' lang='lat' dir='ltr'><strong>Messenen</strong></span> <span class='ocrx_word' id='word_1_19' title='bbox 665 418 825 478; x_wconf 88' lang='lat' dir='ltr'><strong>Oenussae.</strong></span> <span class='ocrx_word' id='word_1_20' title='bbox 848 418 880 477; x_wconf 92' lang='lat' dir='ltr'><strong>lu</strong></span> <span class='ocrx_word' id='word_1_21' title='bbox 897 418 1026 477; x_wconf 79' lang='lat' dir='ltr'>Asinaeo</span> <span class='ocrx_word' id='word_1_22' title='bbox 1045 418 1107 474; x_wconf 93' lang='lat' dir='ltr'><strong>sinu</strong></span> <span class='ocrx_word' id='word_1_23' title='bbox 1124 438 1160 489; x_wconf 73' lang='lat'><strong>55</strong></span> 
     </span>
     <span class='ocr_line' id='line_1_4' title="bbox 95 499 1108 582; baseline -0.008 -17"><span class='ocrx_word' id='word_1_24' title='bbox 95 515 156 565; x_wconf 92' lang='lat' dir='ltr'><strong>tres</strong></span> <span class='ocrx_word' id='word_1_25' title='bbox 173 504 333 582; x_wconf 78' lang='lat' dir='ltr'><strong>Thyrides,</strong></span> <span class='ocrx_word' id='word_1_26' title='bbox 350 507 378 564; x_wconf 95' lang='lat' dir='ltr'><strong>in</strong></span> <span class='ocrx_word' id='word_1_27' title='bbox 393 504 538 563; x_wconf 88' lang='lat' dir='ltr'><strong>Laconico</strong></span> <span class='ocrx_word' id='word_1_28' title='bbox 557 503 734 580; x_wconf 88' lang='lat' dir='ltr'><strong>Teganissa,</strong></span> <span class='ocrx_word' id='word_1_29' title='bbox 754 501 886 578; x_wconf 82' lang='lat' dir='ltr'>Cothon,</span> <span class='ocrx_word' id='word_1_30' title='bbox 903 499 1028 577; x_wconf 89' lang='lat' dir='ltr'><strong>Cythera</strong></span> <span class='ocrx_word' id='word_1_31' title='bbox 1044 517 1108 558; x_wconf 91' lang='lat' dir='ltr'><strong>cum</strong></span> 
     </span>
     <span class='ocr_line' id='line_1_5' title="bbox 96 583 1107 667; baseline -0.005 -20"><span class='ocrx_word' id='word_1_32' title='bbox 96 589 223 667; x_wconf 89' lang='lat' dir='ltr'><strong>oppido,</strong></span> <span class='ocrx_word' id='word_1_33' title='bbox 257 596 341 649; x_wconf 88' lang='lat' dir='ltr'><strong>antea</strong></span> <span class='ocrx_word' id='word_1_34' title='bbox 356 588 515 666; x_wconf 76' lang='lat' dir='ltr'><strong>Porphyris</strong></span> <span class='ocrx_word' id='word_1_35' title='bbox 540 587 695 665; x_wconf 88' lang='lat' dir='ltr'><strong>appellata.</strong></span> <span class='ocrx_word' id='word_1_36' title='bbox 729 587 801 646; x_wconf 90' lang='lat' dir='ltr'><strong>haec</strong></span> <span class='ocrx_word' id='word_1_37' title='bbox 825 588 880 645; x_wconf 91' lang='lat' dir='ltr'><strong>sita</strong></span> <span class='ocrx_word' id='word_1_38' title='bbox 897 593 943 644; x_wconf 93' lang='lat' dir='ltr'><strong>est</strong></span> <span class='ocrx_word' id='word_1_39' title='bbox 965 583 1107 643; x_wconf 88' lang='lat' dir='ltr'><strong>aMaleae</strong></span> 
     </span>
    </p>

    <p class='ocr_par' dir='ltr' id='par_1_3' title="bbox 61 668 1158 1084">
     <span class='ocr_line' id='line_1_6' title="bbox 61 668 1109 750; baseline -0.002 -24"><span class='ocrx_word' id='word_1_40' title='bbox 61 686 74 726; x_wconf 99' lang='grc'>5</span> <span class='ocrx_word' id='word_1_41' title='bbox 98 675 297 750; x_wconf 89' lang='lat' dir='ltr'><strong>promunturio</strong></span> <span class='ocrx_word' id='word_1_42' title='bbox 317 672 344 730; x_wconf 91' lang='lat' dir='ltr'>V</span> <span class='ocrx_word' id='word_1_43' title='bbox 361 670 391 731; x_wconf 98' lang='lat' dir='ltr'><strong><em>M</em></strong></span> <span class='ocrx_word' id='word_1_44' title='bbox 408 689 485 750; x_wconf 92' lang='lat' dir='ltr'><strong>pass.</strong></span> <span class='ocrx_word' id='word_1_45' title='bbox 502 672 619 749; x_wconf 90' lang='lat' dir='ltr'><strong>ancipiti</strong></span> <span class='ocrx_word' id='word_1_46' title='bbox 634 679 758 749; x_wconf 90' lang='lat' dir='ltr'><strong>propter</strong></span> <span class='ocrx_word' id='word_1_47' title='bbox 774 671 923 747; x_wconf 80' lang='lat' dir='ltr'><strong>angustias</strong></span> <span class='ocrx_word' id='word_1_48' title='bbox 940 668 980 726; x_wconf 92' lang='lat' dir='ltr'><strong>ibi</strong></span> <span class='ocrx_word' id='word_1_49' title='bbox 995 668 1109 726; x_wconf 89' lang='lat' dir='ltr'><strong>navium</strong></span> 
     </span>
     <span class='ocr_line' id='line_1_7' title="bbox 96 749 1110 833; baseline -0.006 -19"><span class='ocrx_word' id='word_1_50' title='bbox 96 755 212 816; x_wconf 87' lang='lat' dir='ltr'><strong>ambitu.</strong></span> <span class='ocrx_word' id='word_1_51' title='bbox 243 758 273 815; x_wconf 91' lang='lat' dir='ltr'><strong>in</strong></span> <span class='ocrx_word' id='word_1_52' title='bbox 288 755 430 833; x_wconf 91' lang='lat' dir='ltr'><strong>Argolico</strong></span> <span class='ocrx_word' id='word_1_53' title='bbox 445 754 576 831; x_wconf 84' lang='lat' dir='ltr'><strong>Pityusa,</strong></span> <span class='ocrx_word' id='word_1_54' title='bbox 595 754 706 830; x_wconf 88' lang='lat' dir='ltr'><strong>Arine,</strong></span> <span class='ocrx_word' id='word_1_55' title='bbox 723 752 855 831; x_wconf 83' lang='lat' dir='ltr'><strong>Ephyre,</strong></span> <span class='ocrx_word' id='word_1_56' title='bbox 871 760 971 811; x_wconf 87' lang='lat' dir='ltr'><strong>contra</strong></span> <span class='ocrx_word' id='word_1_57' title='bbox 988 749 1110 810; x_wconf 89' lang='lat' dir='ltr'><strong>Hermo·</strong></span> 
     </span>
     <span class='ocr_line' id='line_1_8' title="bbox 95 835 1109 917; baseline -0.006 -20"><span class='ocrx_word' id='word_1_58' title='bbox 95 840 171 898; x_wconf 93' lang='lat' dir='ltr'><strong>nium</strong></span> <span class='ocrx_word' id='word_1_59' title='bbox 186 857 287 916; x_wconf 92' lang='lat' dir='ltr'><strong>agrum</strong></span> <span class='ocrx_word' id='word_1_60' title='bbox 302 838 493 915; x_wconf 84' lang='lat' dir='ltr'><strong>Tricarenus,</strong></span> <span class='ocrx_word' id='word_1_61' title='bbox 509 839 677 917; x_wconf 83' lang='lat' dir='ltr'><strong>Aperopia,</strong></span> <span class='ocrx_word' id='word_1_62' title='bbox 695 835 828 912; x_wconf 90' lang='lat' dir='ltr'><strong>Colonis,</strong></span> <span class='ocrx_word' id='word_1_63' title='bbox 847 836 991 911; x_wconf 91' lang='lat' dir='ltr'><strong>Aristera,</strong></span> <span class='ocrx_word' id='word_1_64' title='bbox 1008 843 1109 893; x_wconf 92' lang='lat' dir='ltr'><strong>contra</strong></span> 
     </span>
     <span class='ocr_line' id='line_1_9' title="bbox 95 917 1109 1000; baseline -0.005 -20"><span class='ocrx_word' id='word_1_65' title='bbox 95 921 289 982; x_wconf 85' lang='lat' dir='ltr'><strong>Troezenium</strong></span> <span class='ocrx_word' id='word_1_66' title='bbox 305 920 438 982; x_wconf 89' lang='lat' dir='ltr'><strong>Calauria</strong></span> <span class='ocrx_word' id='word_1_67' title='bbox 453 922 478 980; x_wconf 91' lang='lat' dir='ltr'>D</span> <span class='ocrx_word' id='word_1_68' title='bbox 494 940 572 1000; x_wconf 90' lang='lat' dir='ltr'><strong>pass.</strong></span> <span class='ocrx_word' id='word_1_69' title='bbox 591 921 713 997; x_wconf 91' lang='lat' dir='ltr'><strong>distans,</strong></span> <span class='ocrx_word' id='word_1_70' title='bbox 729 920 849 996; x_wconf 90' lang='lat' dir='ltr'><strong>Plateis,</strong></span> <span class='ocrx_word' id='word_1_71' title='bbox 861 919 994 995; x_wconf 90' lang='lat' dir='ltr'><strong>Belbina,</strong></span> <span class='ocrx_word' id='word_1_72' title='bbox 1012 917 1109 987; x_wconf 87' lang='lat' dir='ltr'><strong>Lasia,</strong></span> 
     </span>
     <span class='ocr_line' id='line_1_10' title="bbox 95 1001 1158 1084; baseline -0.007 -20"><span class='ocrx_word' id='word_1_73' title='bbox 95 1005 260 1067; x_wconf 90' lang='lat' dir='ltr'><strong>Baucidios.</strong></span> <span class='ocrx_word' id='word_1_74' title='bbox 304 1014 405 1065; x_wconf 91' lang='lat' dir='ltr'><strong>contra</strong></span> <span class='ocrx_word' id='word_1_75' title='bbox 426 1005 602 1084; x_wconf 87' lang='lat' dir='ltr'><strong>Epidaurum</strong></span> <span class='ocrx_word' id='word_1_76' title='bbox 625 1003 844 1083; x_wconf 90' lang='lat' dir='ltr'><strong>Cecryphalos,</strong></span> <span class='ocrx_word' id='word_1_77' title='bbox 870 1003 1047 1078; x_wconf 83' lang='lat' dir='ltr'><strong>Pityonesos</strong></span> <span class='ocrx_word' id='word_1_78' title='bbox 1069 1001 1109 1062; x_wconf 89' lang='lat' dir='ltr'><strong>Vl</strong></span> <span class='ocrx_word' id='word_1_79' title='bbox 1124 1008 1158 1058; x_wconf 77' lang='lat'><strong>57</strong></span> 
     </span>
    </p>

    <p class='ocr_par' dir='ltr' id='par_1_4' title="bbox 56 1087 1110 1501">
     <span class='ocr_line' id='line_1_11' title="bbox 56 1087 1110 1168; baseline 0.002 -25"><span class='ocrx_word' id='word_1_80' title='bbox 56 1102 83 1144; x_wconf 82' lang='lat' dir='ltr'><strong>ro</strong></span> <span class='ocrx_word' id='word_1_81' title='bbox 96 1089 211 1148; x_wconf 89' lang='lat' dir='ltr'><strong>milibus</strong></span> <span class='ocrx_word' id='word_1_82' title='bbox 234 1108 368 1168; x_wconf 90' lang='lat' dir='ltr'><strong>passuum</strong></span> <span class='ocrx_word' id='word_1_83' title='bbox 390 1108 405 1148; x_wconf 97' lang='grc'>5</span> <span class='ocrx_word' id='word_1_84' title='bbox 425 1092 603 1150; x_wconf 80' lang='lat' dir='ltr'><strong>continente.</strong></span> <span class='ocrx_word' id='word_1_85' title='bbox 638 1089 674 1148; x_wconf 91' lang='lat' dir='ltr'><strong>ab</strong></span> <span class='ocrx_word' id='word_1_86' title='bbox 696 1090 750 1148; x_wconf 89' lang='lat' dir='ltr'><strong>hac</strong></span> <span class='ocrx_word' id='word_1_87' title='bbox 771 1087 885 1165; x_wconf 84' lang='lat' dir='ltr'><strong>Aegina</strong></span> <span class='ocrx_word' id='word_1_88' title='bbox 905 1087 1018 1146; x_wconf 89' lang='lat' dir='ltr'><strong>liberae</strong></span> <span class='ocrx_word' id='word_1_89' title='bbox 1042 1105 1110 1146; x_wconf 90' lang='lat' dir='ltr'><strong>con·</strong></span> 
     </span>
     <span class='ocr_line' id='line_1_12' title="bbox 94 1171 1107 1251; baseline -0.002 -19"><span class='ocrx_word' id='word_1_90' title='bbox 94 1172 218 1234; x_wconf 92' lang='lat' dir='ltr'><strong>dicionis</strong></span> <span class='ocrx_word' id='word_1_91' title='bbox 231 1173 286 1234; x_wconf 89' lang='lat' dir='ltr'><strong>XV</strong></span> <span class='ocrx_word' id='word_1_92' title='bbox 296 1174 354 1233; x_wconf 90' lang='lat' dir='ltr'><strong>mil.</strong></span> <span class='ocrx_word' id='word_1_93' title='bbox 371 1191 460 1251; x_wconf 86' lang='lat' dir='ltr'><strong>pass,</strong></span> <span class='ocrx_word' id='word_1_94' title='bbox 477 1172 666 1233; x_wconf 90' lang='lat' dir='ltr'><strong>cuiusXVlll</strong></span> <span class='ocrx_word' id='word_1_95' title='bbox 677 1171 706 1231; x_wconf 88' lang='grc' dir='ltr'><strong>Μ</strong></span> <span class='ocrx_word' id='word_1_96' title='bbox 723 1190 799 1250; x_wconf 91' lang='lat' dir='ltr'><strong>pass.</strong></span> <span class='ocrx_word' id='word_1_97' title='bbox 814 1172 1035 1250; x_wconf 87' lang='lat' dir='ltr'><strong>praenavigatio</strong></span> <span class='ocrx_word' id='word_1_98' title='bbox 1051 1179 1107 1230; x_wconf 90' lang='lat' dir='ltr'><strong>est.</strong></span> 
     </span>
     <span class='ocr_line' id='line_1_13' title="bbox 95 1254 1108 1334; baseline -0.002 -18"><span class='ocrx_word' id='word_1_99' title='bbox 95 1256 197 1316; x_wconf 91' lang='lat' dir='ltr'><strong>eadem</strong></span> <span class='ocrx_word' id='word_1_100' title='bbox 224 1265 320 1316; x_wconf 91' lang='lat' dir='ltr'><strong>autem</strong></span> <span class='ocrx_word' id='word_1_101' title='bbox 344 1275 360 1316; x_wconf 91' lang='lat' dir='ltr'><strong>a</strong></span> <span class='ocrx_word' id='word_1_102' title='bbox 384 1256 508 1316; x_wconf 90' lang='lat' dir='ltr'><strong>Piraeeo</strong></span> <span class='ocrx_word' id='word_1_103' title='bbox 533 1256 757 1316; x_wconf 80' lang='lat' dir='ltr'><strong>Atheniensium</strong></span> <span class='ocrx_word' id='word_1_104' title='bbox 783 1263 871 1334; x_wconf 90' lang='lat' dir='ltr'><strong>portu</strong></span> <span class='ocrx_word' id='word_1_105' title='bbox 892 1254 949 1316; x_wconf 88' lang='lat' dir='ltr'><strong>XX</strong></span> <span class='ocrx_word' id='word_1_106' title='bbox 975 1254 1003 1314; x_wconf 95' lang='lat' dir='ltr'><strong>M</strong></span> <span class='ocrx_word' id='word_1_107' title='bbox 1030 1273 1108 1332; x_wconf 79' lang='lat' dir='ltr'><strong>pass,</strong></span> 
     </span>
     <span class='ocr_line' id='line_1_14' title="bbox 96 1338 1109 1418; baseline -0.001 -20"><span class='ocrx_word' id='word_1_108' title='bbox 96 1340 192 1415; x_wconf 90' lang='lat' dir='ltr'><strong>abest,</strong></span> <span class='ocrx_word' id='word_1_109' title='bbox 208 1348 275 1399; x_wconf 91' lang='lat' dir='ltr'><strong>ante</strong></span> <span class='ocrx_word' id='word_1_110' title='bbox 293 1338 415 1399; x_wconf 84' lang='lat' dir='ltr'><strong>Oenone</strong></span> <span class='ocrx_word' id='word_1_111' title='bbox 433 1342 568 1399; x_wconf 86' lang='lat' dir='ltr'><strong>vocitata.</strong></span> <span class='ocrx_word' id='word_1_112' title='bbox 611 1341 736 1418; x_wconf 90' lang='lat' dir='ltr'><strong>Spiraeo</strong></span> <span class='ocrx_word' id='word_1_113' title='bbox 752 1342 952 1418; x_wconf 91' lang='lat' dir='ltr'><strong>promunturio</strong></span> <span class='ocrx_word' id='word_1_114' title='bbox 973 1340 1109 1399; x_wconf 90' lang='lat' dir='ltr'><strong>obiacent</strong></span> 
     </span>
     <span class='ocr_line' id='line_1_15' title="bbox 95 1421 1108 1501; baseline 0.002 -21"><span class='ocrx_word' id='word_1_115' title='bbox 95 1422 223 1499; x_wconf 85' lang='lat' dir='ltr'><strong>Eleusa,</strong></span> <span class='ocrx_word' id='word_1_116' title='bbox 240 1421 412 1499; x_wconf 87' lang='lat' dir='ltr'><strong>Adendros,</strong></span> <span class='ocrx_word' id='word_1_117' title='bbox 435 1421 579 1501; x_wconf 83' lang='lat' dir='ltr'><strong>Craugiae</strong></span> <span class='ocrx_word' id='word_1_118' title='bbox 597 1424 686 1501; x_wconf 90' lang='lat' dir='ltr'><strong>duae,</strong></span> <span class='ocrx_word' id='word_1_119' title='bbox 703 1421 827 1482; x_wconf 79' lang='lat' dir='ltr'><strong>Caeciae</strong></span> <span class='ocrx_word' id='word_1_120' title='bbox 844 1423 935 1498; x_wconf 90' lang='lat' dir='ltr'><strong>duae,</strong></span> <span class='ocrx_word' id='word_1_121' title='bbox 957 1421 1108 1498; x_wconf 88' lang='lat' dir='ltr'><strong>Selacosa,</strong></span> 
     </span>
    </p>

    <p class='ocr_par' dir='ltr' id='par_1_5' title="bbox 56 1504 1109 1753">
     <span class='ocr_line' id='line_1_16' title="bbox 56 1504 1107 1584; baseline 0.004 -23"><span class='ocrx_word' id='word_1_122' title='bbox 56 1521 82 1562; x_wconf 86' lang='lat'><strong>15</strong></span> <span class='ocrx_word' id='word_1_123' title='bbox 96 1506 298 1583; x_wconf 89' lang='lat' dir='ltr'><strong>Dacenchrus,</strong></span> <span class='ocrx_word' id='word_1_124' title='bbox 324 1507 414 1584; x_wconf 93' lang='lat' dir='ltr'><strong>Aspis</strong></span> <span class='ocrx_word' id='word_1_125' title='bbox 432 1506 487 1567; x_wconf 89' lang='lat' dir='ltr'><strong>Vll</strong></span> <span class='ocrx_word' id='word_1_126' title='bbox 501 1517 531 1567; x_wconf 87' lang='lat' dir='ltr'><strong>et</strong></span> <span class='ocrx_word' id='word_1_127' title='bbox 553 1509 582 1567; x_wconf 91' lang='lat' dir='ltr'><strong>in</strong></span> <span class='ocrx_word' id='word_1_128' title='bbox 601 1506 751 1583; x_wconf 89' lang='lat' dir='ltr'><strong>Megarico</strong></span> <span class='ocrx_word' id='word_1_129' title='bbox 770 1508 834 1569; x_wconf 92' lang='lat' dir='ltr'><strong>sinu</strong></span> <span class='ocrx_word' id='word_1_130' title='bbox 849 1504 1029 1565; x_wconf 87' lang='lat' dir='ltr'><strong>Methurides</strong></span> <span class='ocrx_word' id='word_1_131' title='bbox 1045 1506 1107 1565; x_wconf 93' lang='lat' dir='ltr'><strong>llll.</strong></span> 
     </span>
     <span class='ocr_line' id='line_1_17' title="bbox 96 1587 1109 1668; baseline 0 -19"><span class='ocrx_word' id='word_1_132' title='bbox 96 1590 204 1668; x_wconf 85' lang='lat' dir='ltr'><strong>Aegila</strong></span> <span class='ocrx_word' id='word_1_133' title='bbox 224 1598 321 1650; x_wconf 89' lang='lat' dir='ltr'><strong>autem</strong></span> <span class='ocrx_word' id='word_1_134' title='bbox 340 1589 396 1650; x_wconf 81' lang='lat' dir='ltr'><strong>XV</strong></span> <span class='ocrx_word' id='word_1_135' title='bbox 417 1590 446 1650; x_wconf 91' lang='lat' dir='ltr'><strong><em>M</em></strong></span> <span class='ocrx_word' id='word_1_136' title='bbox 473 1609 551 1668; x_wconf 91' lang='lat' dir='ltr'><strong>pass.</strong></span> <span class='ocrx_word' id='word_1_137' title='bbox 574 1609 590 1651; x_wconf 89' lang='lat' dir='ltr'><strong>a</strong></span> <span class='ocrx_word' id='word_1_138' title='bbox 611 1589 754 1668; x_wconf 87' lang='lat' dir='ltr'><strong>Cythera,</strong></span> <span class='ocrx_word' id='word_1_139' title='bbox 781 1590 941 1667; x_wconf 88' lang='lat' dir='ltr'><strong>eademque</strong></span> <span class='ocrx_word' id='word_1_140' title='bbox 963 1608 979 1649; x_wconf 92' lang='lat' dir='ltr'><strong>a</strong></span> <span class='ocrx_word' id='word_1_141' title='bbox 1002 1587 1109 1649; x_wconf 91' lang='lat' dir='ltr'><strong>Cretae</strong></span> 
     </span>
     <span class='ocr_line' id='line_1_18' title="bbox 95 1673 731 1753; baseline 0 -20"><span class='ocrx_word' id='word_1_142' title='bbox 95 1673 271 1735; x_wconf 88' lang='lat' dir='ltr'><strong>Phalasarna</strong></span> <span class='ocrx_word' id='word_1_143' title='bbox 288 1675 396 1753; x_wconf 90' lang='lat' dir='ltr'><strong>oppido</strong></span> <span class='ocrx_word' id='word_1_144' title='bbox 411 1674 495 1735; x_wconf 89' lang='lat' dir='ltr'><strong>XXV</strong></span> <span class='ocrx_word' id='word_1_145' title='bbox 510 1675 570 1734; x_wconf 89' lang='lat' dir='ltr'><strong>mil.</strong></span> <span class='ocrx_word' id='word_1_146' title='bbox 587 1693 731 1752; x_wconf 91' lang='lat' dir='ltr'><strong>passuum.</strong></span> 
     </span>
    </p>

    <p class='ocr_par' dir='ltr' id='par_1_6' title="bbox 56 1756 1161 2341">
     <span class='ocr_line' id='line_1_19' title="bbox 159 1756 1161 1837; baseline -0.002 -19"><span class='ocrx_word' id='word_1_147' title='bbox 159 1757 241 1837; x_wconf 82' lang='lat'>(20.)</span> <span class='ocrx_word' id='word_1_148' title='bbox 272 1757 339 1836; x_wconf 91' lang='lat' dir='ltr'><strong>Ipsa</strong></span> <span class='ocrx_word' id='word_1_149' title='bbox 367 1756 455 1818; x_wconf 90' lang='lat' dir='ltr'><strong>Creta</strong></span> <span class='ocrx_word' id='word_1_150' title='bbox 487 1758 581 1818; x_wconf 89' lang='lat' dir='ltr'><strong>altero</strong></span> <span class='ocrx_word' id='word_1_151' title='bbox 610 1758 703 1817; x_wconf 91' lang='lat' dir='ltr'><strong>latere</strong></span> <span class='ocrx_word' id='word_1_152' title='bbox 730 1758 766 1818; x_wconf 94' lang='lat' dir='ltr'><strong>ad</strong></span> <span class='ocrx_word' id='word_1_153' title='bbox 795 1767 922 1818; x_wconf 91' lang='lat' dir='ltr'><strong>austrum</strong></span> <span class='ocrx_word' id='word_1_154' title='bbox 954 1757 1049 1817; x_wconf 91' lang='lat' dir='ltr'><strong>altero</strong></span> <span class='ocrx_word' id='word_1_155' title='bbox 1074 1757 1110 1816; x_wconf 91' lang='lat' dir='ltr'><strong>ad</strong></span> <span class='ocrx_word' id='word_1_156' title='bbox 1126 1777 1161 1828; x_wconf 82' lang='lat'><strong>58</strong></span> 
     </span>
     <span class='ocr_line' id='line_1_20' title="bbox 97 1842 1110 1919; baseline -0.001 -18"><span class='ocrx_word' id='word_1_157' title='bbox 97 1843 329 1919; x_wconf 88' lang='lat' dir='ltr'><strong>septentrionem</strong></span> <span class='ocrx_word' id='word_1_158' title='bbox 346 1860 434 1902; x_wconf 88' lang='lat' dir='ltr'><strong>versa</strong></span> <span class='ocrx_word' id='word_1_159' title='bbox 448 1844 525 1903; x_wconf 88' lang='lat' dir='ltr'><strong>inter</strong></span> <span class='ocrx_word' id='word_1_160' title='bbox 544 1849 638 1901; x_wconf 92' lang='lat' dir='ltr'><strong>ortum</strong></span> <span class='ocrx_word' id='word_1_161' title='bbox 656 1859 849 1919; x_wconf 78' lang='lat' dir='ltr'><strong>occasumque</strong></span> <span class='ocrx_word' id='word_1_162' title='bbox 864 1842 1025 1919; x_wconf 86' lang='lat' dir='ltr'><strong>porrigitur</strong></span> <span class='ocrx_word' id='word_1_163' title='bbox 1044 1860 1110 1900; x_wconf 93' lang='lat' dir='ltr'><strong>cen-</strong></span> 
     </span>
     <span class='ocr_line' id='line_1_21' title="bbox 56 1923 1109 2003; baseline 0.004 -22"><span class='ocrx_word' id='word_1_164' title='bbox 56 1935 156 1984; x_wconf 83' lang='lat' dir='ltr'><strong>aotum</strong></span> <span class='ocrx_word' id='word_1_165' title='bbox 181 1925 293 1985; x_wconf 88' lang='lat' dir='ltr'><strong>urbium</strong></span> <span class='ocrx_word' id='word_1_166' title='bbox 318 1925 397 1986; x_wconf 88' lang='lat' dir='ltr'><strong>clara</strong></span> <span class='ocrx_word' id='word_1_167' title='bbox 426 1927 508 1986; x_wconf 88' lang='lat' dir='ltr'><strong>fama.</strong></span> <span class='ocrx_word' id='word_1_168' title='bbox 548 1925 693 1986; x_wconf 91' lang='lat' dir='ltr'><strong>Dosiades</strong></span> <span class='ocrx_word' id='word_1_169' title='bbox 721 1943 785 1985; x_wconf 89' lang='lat' dir='ltr'><strong>eam</strong></span> <span class='ocrx_word' id='word_1_170' title='bbox 810 1943 826 1985; x_wconf 89' lang='lat' dir='ltr'><strong>a</strong></span> <span class='ocrx_word' id='word_1_171' title='bbox 853 1923 943 1986; x_wconf 88' lang='lat' dir='ltr'><strong>Crete</strong></span> <span class='ocrx_word' id='word_1_172' title='bbox 974 1925 1109 2003; x_wconf 89' lang='lat' dir='ltr'><strong>nympha,</strong></span> 
     </span>
     <span class='ocr_line' id='line_1_22' title="bbox 97 2007 1108 2094; baseline 0.001 -26"><span class='ocrx_word' id='word_1_173' title='bbox 97 2008 268 2087; x_wconf 86' lang='lat' dir='ltr'><strong>Hesperidis</strong></span> <span class='ocrx_word' id='word_1_174' title='bbox 289 2009 364 2087; x_wconf 84' lang='lat' dir='ltr'><strong>filia,</strong></span> <span class='ocrx_word' id='word_1_175' title='bbox 393 2010 608 2070; x_wconf 82' lang='lat' dir='ltr'><strong>Anaximander</strong></span> <span class='ocrx_word' id='word_1_176' title='bbox 631 2028 647 2069; x_wconf 91' lang='grc'>5</span> <span class='ocrx_word' id='word_1_177' title='bbox 669 2007 913 2094; x_wconf 89' lang='lat' dir='ltr'><strong>regeCuretum,</strong></span> <span class='ocrx_word' id='word_1_178' title='bbox 940 2009 1108 2069; x_wconf 88' lang='lat' dir='ltr'><strong>Philistides</strong></span> 
     </span>
     <span class='ocr_line' id='line_1_23' title="bbox 96 2091 1109 2173; baseline 0 -19"><span class='ocrx_word' id='word_1_179' title='bbox 96 2093 232 2154; x_wconf 90' lang='lat' dir='ltr'><strong>Mallotes</strong></span> <span class='ocrx_word' id='word_1_180' title='bbox 258 2101 289 2154; x_wconf 90' lang='lat' dir='ltr'><strong>et</strong></span> <span class='ocrx_word' id='word_1_181' title='bbox 313 2091 415 2154; x_wconf 90' lang='lat' dir='ltr'><strong>Crates</strong></span> <span class='ocrx_word' id='word_1_182' title='bbox 442 2098 563 2173; x_wconf 94' lang='lat' dir='ltr'><strong>primum</strong></span> <span class='ocrx_word' id='word_1_183' title='bbox 586 2095 705 2155; x_wconf 92' lang='lat' dir='ltr'><strong>Aeriam</strong></span> <span class='ocrx_word' id='word_1_184' title='bbox 731 2095 848 2170; x_wconf 89' lang='lat' dir='ltr'><strong>dictam,</strong></span> <span class='ocrx_word' id='word_1_185' title='bbox 876 2094 981 2154; x_wconf 90' lang='lat' dir='ltr'><strong>deinde</strong></span> <span class='ocrx_word' id='word_1_186' title='bbox 1004 2103 1109 2172; x_wconf 91' lang='lat' dir='ltr'><strong>postea</strong></span> 
     </span>
     <span class='ocr_line' id='line_1_24' title="bbox 98 2176 1110 2257; baseline -0.001 -19"><span class='ocrx_word' id='word_1_187' title='bbox 98 2176 243 2256; x_wconf 92' lang='lat' dir='ltr'><strong>Curetim,</strong></span> <span class='ocrx_word' id='word_1_188' title='bbox 266 2187 296 2239; x_wconf 93' lang='lat' dir='ltr'><strong>et</strong></span> <span class='ocrx_word' id='word_1_189' title='bbox 316 2177 452 2240; x_wconf 88' lang='lat' dir='ltr'><strong>Macaron</strong></span> <span class='ocrx_word' id='word_1_190' title='bbox 476 2179 605 2239; x_wconf 92' lang='lat' dir='ltr'><strong>nonnulli</strong></span> <span class='ocrx_word' id='word_1_191' title='bbox 630 2198 645 2239; x_wconf 89' lang='lat' dir='ltr'><strong>a</strong></span> <span class='ocrx_word' id='word_1_192' title='bbox 668 2181 811 2257; x_wconf 91' lang='lat' dir='ltr'><strong>temperie</strong></span> <span class='ocrx_word' id='word_1_193' title='bbox 834 2178 915 2251; x_wconf 40' lang='lat' dir='ltr'><strong>caeli,</strong></span> <span class='ocrx_word' id='word_1_194' title='bbox 934 2179 1110 2257; x_wconf 88' lang='lat' dir='ltr'><strong>appellatam</strong></span> 
     </span>
     <span class='ocr_line' id='line_1_25' title="bbox 98 2262 1110 2341; baseline 0 -20"><span class='ocrx_word' id='word_1_195' title='bbox 98 2265 315 2322; x_wconf 87' lang='lat' dir='ltr'><strong>existimavere.</strong></span> <span class='ocrx_word' id='word_1_196' title='bbox 345 2262 509 2323; x_wconf 75' lang='lat' dir='ltr'><strong>latitudine</strong></span> <span class='ocrx_word' id='word_1_197' title='bbox 533 2281 672 2340; x_wconf 90' lang='lat' dir='ltr'><strong>nusquam</strong></span> <span class='ocrx_word' id='word_1_198' title='bbox 693 2266 899 2341; x_wconf 88' lang='lat' dir='ltr'><strong>quinquaginta</strong></span> <span class='ocrx_word' id='word_1_199' title='bbox 918 2262 947 2320; x_wconf 92' lang='lat' dir='ltr'><strong>M</strong></span> <span class='ocrx_word' id='word_1_200' title='bbox 974 2281 1110 2340; x_wconf 91' lang='lat' dir='ltr'><strong>passuum</strong></span> 
     </span>
    </p>

    <p class='ocr_par' dir='ltr' id='par_1_7' title="bbox 57 2345 1163 2758">
     <span class='ocr_line' id='line_1_26' title="bbox 57 2345 1110 2425; baseline 0.004 -25"><span class='ocrx_word' id='word_1_201' title='bbox 57 2359 85 2400; x_wconf 85' lang='grc'><strong>55</strong></span> <span class='ocrx_word' id='word_1_202' title='bbox 100 2345 245 2404; x_wconf 86' lang='lat' dir='ltr'><strong>excedens</strong></span> <span class='ocrx_word' id='word_1_203' title='bbox 263 2353 293 2404; x_wconf 91' lang='lat' dir='ltr'><strong>et</strong></span> <span class='ocrx_word' id='word_1_204' title='bbox 315 2346 391 2404; x_wconf 89' lang='lat' dir='ltr'><strong>circa</strong></span> <span class='ocrx_word' id='word_1_205' title='bbox 412 2346 534 2405; x_wconf 86' lang='lat' dir='ltr'><strong>madiam</strong></span> <span class='ocrx_word' id='word_1_206' title='bbox 550 2349 729 2425; x_wconf 85' lang='lat' dir='ltr'><strong>suipartem</strong></span> <span class='ocrx_word' id='word_1_207' title='bbox 744 2350 866 2406; x_wconf 85' lang='lat' dir='ltr'><strong>maxime</strong></span> <span class='ocrx_word' id='word_1_208' title='bbox 889 2354 994 2423; x_wconf 90' lang='lat' dir='ltr'><strong>patens</strong></span> <span class='ocrx_word' id='word_1_209' title='bbox 1017 2346 1110 2421; x_wconf 85' lang='lat' dir='ltr'><strong>longi-</strong></span> 
     </span>
     <span class='ocr_line' id='line_1_27' title="bbox 98 2426 1110 2506; baseline 0.001 -20"><span class='ocrx_word' id='word_1_210' title='bbox 98 2427 225 2488; x_wconf 89' lang='lat' dir='ltr'><strong>tudinem</strong></span> <span class='ocrx_word' id='word_1_211' title='bbox 243 2427 336 2505; x_wconf 91' lang='lat' dir='ltr'><strong>inplet</strong></span> <span class='ocrx_word' id='word_1_212' title='bbox 356 2426 485 2487; x_wconf 89' lang='lat' dir='ltr'><strong>CCLXX</strong></span> <span class='ocrx_word' id='word_1_213' title='bbox 501 2428 530 2486; x_wconf 93' lang='lat' dir='ltr'><strong>M</strong></span> <span class='ocrx_word' id='word_1_214' title='bbox 550 2447 696 2506; x_wconf 91' lang='lat' dir='ltr'><strong>passuum,</strong></span> <span class='ocrx_word' id='word_1_215' title='bbox 712 2431 863 2489; x_wconf 91' lang='lat' dir='ltr'><strong>circuitum</strong></span> <span class='ocrx_word' id='word_1_216' title='bbox 880 2427 1110 2505; x_wconf 80' lang='lat' dir='ltr'><strong>DLXXXVllll,</strong></span> 
     </span>
     <span class='ocr_line' id='line_1_28' title="bbox 98 2508 1111 2590; baseline 0.003 -21"><span class='ocrx_word' id='word_1_217' title='bbox 98 2511 280 2588; x_wconf 85' lang='lat' dir='ltr'><strong>flectensque</strong></span> <span class='ocrx_word' id='word_1_218' title='bbox 303 2529 336 2570; x_wconf 92' lang='lat' dir='ltr'><strong>se</strong></span> <span class='ocrx_word' id='word_1_219' title='bbox 351 2512 381 2570; x_wconf 91' lang='lat' dir='ltr'><strong>in</strong></span> <span class='ocrx_word' id='word_1_220' title='bbox 397 2508 543 2571; x_wconf 89' lang='lat' dir='ltr'><strong>Creticum</strong></span> <span class='ocrx_word' id='word_1_221' title='bbox 563 2512 685 2590; x_wconf 90' lang='lat' dir='ltr'><strong>pelagus</strong></span> <span class='ocrx_word' id='word_1_222' title='bbox 702 2513 737 2571; x_wconf 90' lang='lat' dir='ltr'><strong>ab</strong></span> <span class='ocrx_word' id='word_1_223' title='bbox 755 2530 789 2572; x_wconf 91' lang='lat' dir='ltr'><strong>ea</strong></span> <span class='ocrx_word' id='word_1_224' title='bbox 805 2511 909 2571; x_wconf 94' lang='lat' dir='ltr'><strong>dictum</strong></span> <span class='ocrx_word' id='word_1_225' title='bbox 925 2529 981 2589; x_wconf 90' lang='lat' dir='ltr'><strong>qua</strong></span> <span class='ocrx_word' id='word_1_226' title='bbox 1002 2511 1111 2589; x_wconf 87' lang='lat' dir='ltr'><strong>longis·</strong></span> 
     </span>
     <span class='ocr_line' id='line_1_29' title="bbox 98 2592 1111 2672; baseline 0.002 -19"><span class='ocrx_word' id='word_1_227' title='bbox 98 2597 170 2654; x_wconf 92' lang='lat' dir='ltr'><strong>sima</strong></span> <span class='ocrx_word' id='word_1_228' title='bbox 194 2602 240 2654; x_wconf 90' lang='lat' dir='ltr'><strong>est</strong></span> <span class='ocrx_word' id='word_1_229' title='bbox 265 2592 467 2655; x_wconf 89' lang='lat' dir='ltr'><strong>adorientem</strong></span> <span class='ocrx_word' id='word_1_230' title='bbox 493 2598 721 2672; x_wconf 90' lang='lat' dir='ltr'><strong>promunturium</strong></span> <span class='ocrx_word' id='word_1_231' title='bbox 742 2597 935 2655; x_wconf 89' lang='lat' dir='ltr'><strong>Sammonium</strong></span> <span class='ocrx_word' id='word_1_232' title='bbox 957 2595 1111 2656; x_wconf 86' lang='lat' dir='ltr'><strong>adversum</strong></span> 
     </span>
     <span class='ocr_line' id='line_1_30' title="bbox 97 2676 1163 2758; baseline 0.007 -22"><span class='ocrx_word' id='word_1_233' title='bbox 97 2677 218 2756; x_wconf 89' lang='lat' dir='ltr'><strong>Rhodo,</strong></span> <span class='ocrx_word' id='word_1_234' title='bbox 235 2677 270 2738; x_wconf 89' lang='lat' dir='ltr'><strong>ad</strong></span> <span class='ocrx_word' id='word_1_235' title='bbox 291 2678 472 2740; x_wconf 90' lang='lat' dir='ltr'><strong>occidentem</strong></span> <span class='ocrx_word' id='word_1_236' title='bbox 488 2676 698 2756; x_wconf 90' lang='lat' dir='ltr'><strong>Criumetopon</strong></span> <span class='ocrx_word' id='word_1_237' title='bbox 711 2677 841 2756; x_wconf 89' lang='lat' dir='ltr'><strong>Cyrenas</strong></span> <span class='ocrx_word' id='word_1_238' title='bbox 858 2698 961 2739; x_wconf 89' lang='lat' dir='ltr'><strong>versus</strong></span> <span class='ocrx_word' id='word_1_239' title='bbox 979 2680 1111 2758; x_wconf 85' lang='lat' dir='ltr'><strong>expellit.</strong></span> <span class='ocrx_word' id='word_1_240' title='bbox 1128 2689 1163 2743; x_wconf 78' lang='grc'>59</span> 
     </span>
    </p>

    <p class='ocr_par' dir='ltr' id='par_1_8' title="bbox 57 2761 1111 3178">
     <span class='ocr_line' id='line_1_31' title="bbox 57 2761 1109 2842; baseline 0.003 -22"><span class='ocrx_word' id='word_1_241' title='bbox 57 2780 85 2820; x_wconf 85' lang='lat' dir='ltr'><strong>ao</strong></span> <span class='ocrx_word' id='word_1_242' title='bbox 99 2762 211 2841; x_wconf 89' lang='lat' dir='ltr'><strong>Oppida</strong></span> <span class='ocrx_word' id='word_1_243' title='bbox 228 2763 291 2823; x_wconf 89' lang='lat' dir='ltr'><strong>eius</strong></span> <span class='ocrx_word' id='word_1_244' title='bbox 307 2763 432 2839; x_wconf 88' lang='lat' dir='ltr'><strong>insignia</strong></span> <span class='ocrx_word' id='word_1_245' title='bbox 448 2762 634 2840; x_wconf 89' lang='lat' dir='ltr'><strong>Phalasarna,</strong></span> <span class='ocrx_word' id='word_1_246' title='bbox 646 2762 747 2839; x_wconf 92' lang='lat' dir='ltr'><strong>Elaea,</strong></span> <span class='ocrx_word' id='word_1_247' title='bbox 766 2761 912 2841; x_wconf 92' lang='lat' dir='ltr'><strong>Cisamon,</strong></span> <span class='ocrx_word' id='word_1_248' title='bbox 926 2763 1109 2842; x_wconf 85' lang='lat' dir='ltr'><strong>Pergamum,</strong></span> 
     </span>
     <span class='ocr_line' id='line_1_32' title="bbox 99 2844 1110 2928; baseline 0.003 -22"><span class='ocrx_word' id='word_1_249' title='bbox 99 2844 257 2924; x_wconf 90' lang='lat' dir='ltr'><strong>Cydonea,</strong></span> <span class='ocrx_word' id='word_1_250' title='bbox 286 2846 441 2923; x_wconf 88' lang='lat' dir='ltr'><strong>Mincium,</strong></span> <span class='ocrx_word' id='word_1_251' title='bbox 467 2847 617 2925; x_wconf 91' lang='lat' dir='ltr'><strong>Apteron,</strong></span> <span class='ocrx_word' id='word_1_252' title='bbox 645 2846 883 2922; x_wconf 88' lang='lat' dir='ltr'><strong>Pantomatrium,</strong></span> <span class='ocrx_word' id='word_1_253' title='bbox 907 2849 1110 2928; x_wconf 88' lang='lat' dir='ltr'><strong>Amphomala,</strong></span> 
     </span>
     <span class='ocr_line' id='line_1_33' title="bbox 96 2927 1110 3011; baseline 0.006 -24"><span class='ocrx_word' id='word_1_254' title='bbox 96 2928 286 3007; x_wconf 89' lang='lat' dir='ltr'><strong>Rhithymna,</strong></span> <span class='ocrx_word' id='word_1_255' title='bbox 301 2930 502 3007; x_wconf 93' lang='lat' dir='ltr'><strong>Panhormum,</strong></span> <span class='ocrx_word' id='word_1_256' title='bbox 516 2927 666 3008; x_wconf 91' lang='lat' dir='ltr'><strong>Cytaeum,</strong></span> <span class='ocrx_word' id='word_1_257' title='bbox 682 2930 859 3011; x_wconf 89' lang='lat' dir='ltr'><strong>Apollonia,</strong></span> <span class='ocrx_word' id='word_1_258' title='bbox 871 2930 1005 3007; x_wconf 90' lang='lat' dir='ltr'><strong>Matium,</strong></span> <span class='ocrx_word' id='word_1_259' title='bbox 1021 2931 1110 2993; x_wconf 89' lang='lat' dir='ltr'><strong>Hera·</strong></span> 
     </span>
     <span class='ocr_line' id='line_1_34' title="bbox 98 3011 1111 3094; baseline 0.007 -24"><span class='ocrx_word' id='word_1_260' title='bbox 98 3011 177 3088; x_wconf 91' lang='lat' dir='ltr'><strong>clea,</strong></span> <span class='ocrx_word' id='word_1_261' title='bbox 194 3012 331 3089; x_wconf 89' lang='lat' dir='ltr'><strong>Miletos,</strong></span> <span class='ocrx_word' id='word_1_262' title='bbox 347 3014 505 3093; x_wconf 89' lang='lat' dir='ltr'><strong>Ampelos,</strong></span> <span class='ocrx_word' id='word_1_263' title='bbox 521 3012 715 3093; x_wconf 90' lang='lat' dir='ltr'><strong>Hierapytna,</strong></span> <span class='ocrx_word' id='word_1_264' title='bbox 733 3015 863 3092; x_wconf 75' lang='lat' dir='ltr'><strong>lebena,</strong></span> <span class='ocrx_word' id='word_1_265' title='bbox 880 3015 1064 3094; x_wconf 89' lang='lat' dir='ltr'><strong>Hierapolis,</strong></span> <span class='ocrx_word' id='word_1_266' title='bbox 1080 3026 1111 3077; x_wconf 90' lang='lat' dir='ltr'><strong>et</strong></span> 
     </span>
     <span class='ocr_line' id='line_1_35' title="bbox 98 3096 1110 3178; baseline 0.005 -24"><span class='ocrx_word' id='word_1_267' title='bbox 98 3096 128 3155; x_wconf 91' lang='lat' dir='ltr'><strong>iu</strong></span> <span class='ocrx_word' id='word_1_268' title='bbox 147 3097 362 3158; x_wconf 89' lang='lat' dir='ltr'><strong>mediterraneo</strong></span> <span class='ocrx_word' id='word_1_269' title='bbox 383 3097 532 3174; x_wconf 87' lang='lat' dir='ltr'><strong>Gortyna,</strong></span> <span class='ocrx_word' id='word_1_270' title='bbox 554 3097 724 3176; x_wconf 91' lang='lat' dir='ltr'><strong>Phaestum,</strong></span> <span class='ocrx_word' id='word_1_271' title='bbox 741 3097 873 3174; x_wconf 86' lang='lat' dir='ltr'><strong>Cnosos,</strong></span> <span class='ocrx_word' id='word_1_272' title='bbox 889 3099 1110 3178; x_wconf 88' lang='lat' dir='ltr'><strong>Polyrrhenum,</strong></span> 
     </span>
    </p>

    <p class='ocr_par' dir='ltr' id='par_1_9' title="bbox 57 3177 1163 3515">
     <span class='ocr_line' id='line_1_36' title="bbox 57 3177 1110 3262; baseline 0.008 -26"><span class='ocrx_word' id='word_1_273' title='bbox 57 3195 85 3236; x_wconf 84' lang='grc'><strong>55</strong></span> <span class='ocrx_word' id='word_1_274' title='bbox 98 3177 226 3257; x_wconf 90' lang='lat' dir='ltr'><strong>Myrina,</strong></span> <span class='ocrx_word' id='word_1_275' title='bbox 242 3179 400 3258; x_wconf 75' lang='lat' dir='ltr'><strong>lycastus,</strong></span> <span class='ocrx_word' id='word_1_276' title='bbox 416 3181 578 3255; x_wconf 76' lang='lat' dir='ltr'><strong>Rhemum,</strong></span> <span class='ocrx_word' id='word_1_277' title='bbox 593 3181 717 3258; x_wconf 79' lang='lat' dir='ltr'><strong>Lycius,</strong></span> <span class='ocrx_word' id='word_1_278' title='bbox 735 3182 830 3258; x_wconf 92' lang='lat' dir='ltr'><strong>Dium,</strong></span> <span class='ocrx_word' id='word_1_279' title='bbox 846 3184 958 3260; x_wconf 92' lang='lat' dir='ltr'><strong>Asinm,</strong></span> <span class='ocrx_word' id='word_1_280' title='bbox 973 3183 1110 3262; x_wconf 88' lang='lat' dir='ltr'><strong>Pyloros,</strong></span> 
     </span>
     <span class='ocr_line' id='line_1_37' title="bbox 99 3262 1110 3345; baseline 0.007 -23"><span class='ocrx_word' id='word_1_281' title='bbox 99 3262 243 3341; x_wconf 86' lang='lat' dir='ltr'><strong>Rhytion,</strong></span> <span class='ocrx_word' id='word_1_282' title='bbox 268 3263 387 3341; x_wconf 89' lang='lat' dir='ltr'><strong>Elatos,</strong></span> <span class='ocrx_word' id='word_1_283' title='bbox 410 3266 539 3342; x_wconf 89' lang='lat' dir='ltr'><strong>Pherae,</strong></span> <span class='ocrx_word' id='word_1_284' title='bbox 561 3265 755 3344; x_wconf 87' lang='lat' dir='ltr'><strong>llolopyxos,</strong></span> <span class='ocrx_word' id='word_1_285' title='bbox 773 3266 883 3344; x_wconf 86' lang='lat' dir='ltr'><strong>hasos,</strong></span> <span class='ocrx_word' id='word_1_286' title='bbox 899 3265 1110 3345; x_wconf 90' lang='lat' dir='ltr'><strong>Eleuthernae,</strong></span> 
     </span>
     <span class='ocr_line' id='line_1_38' title="bbox 99 3345 1111 3432; baseline 0.006 -26"><span class='ocrx_word' id='word_1_287' title='bbox 99 3345 288 3427; x_wconf 84' lang='lat' dir='ltr'><strong>Therapnae,</strong></span> <span class='ocrx_word' id='word_1_288' title='bbox 302 3347 482 3427; x_wconf 86' lang='lat' dir='ltr'><strong>Marathusa,</strong></span> <span class='ocrx_word' id='word_1_289' title='bbox 499 3347 630 3427; x_wconf 86' lang='lat' dir='ltr'><strong>Cytisos,</strong></span> <span class='ocrx_word' id='word_1_290' title='bbox 646 3359 676 3410; x_wconf 92' lang='lat' dir='ltr'><strong>et</strong></span> <span class='ocrx_word' id='word_1_291' title='bbox 691 3349 814 3411; x_wconf 90' lang='lat' dir='ltr'><strong>aliorum</strong></span> <span class='ocrx_word' id='word_1_292' title='bbox 828 3353 946 3411; x_wconf 86' lang='lat' dir='ltr'><strong>circiter</strong></span> <span class='ocrx_word' id='word_1_293' title='bbox 961 3350 1012 3412; x_wconf 84' lang='lat' dir='ltr'><strong>LX</strong></span> <span class='ocrx_word' id='word_1_294' title='bbox 1028 3353 1111 3432; x_wconf 91' lang='lat' dir='ltr'><strong>oppi-</strong></span> 
     </span>
     <span class='ocr_line' id='line_1_39' title="bbox 98 3431 1163 3515; baseline 0.002 -22"><span class='ocrx_word' id='word_1_295' title='bbox 98 3431 353 3495; x_wconf 87' lang='lat' dir='ltr'><strong>dorummemoria</strong></span> <span class='ocrx_word' id='word_1_296' title='bbox 369 3441 458 3494; x_wconf 86' lang='lat' dir='ltr'><strong>extat.</strong></span> <span class='ocrx_word' id='word_1_297' title='bbox 481 3441 595 3495; x_wconf 87' lang='lat' dir='ltr'><strong>montes</strong></span> <span class='ocrx_word' id='word_1_298' title='bbox 609 3432 755 3514; x_wconf 85' lang='lat' dir='ltr'><strong>Cadistus,</strong></span> <span class='ocrx_word' id='word_1_299' title='bbox 770 3433 1111 3515; x_wconf 48' lang='lat' dir='ltr'><strong>ldaeus,⁴Dictynnaeus,</strong></span> <span class='ocrx_word' id='word_1_300' title='bbox 1128 3444 1163 3495; x_wconf 84' lang='lat' dir='ltr'><strong>oo</strong></span> 
     </span>
    </p>
   </div>
   <div class='ocr_carea' id='block_1_3' title="bbox 0 0 1206 3856">
    <p class='ocr_par' dir='ltr' id='par_1_10' title="bbox 0 0 1206 3856">
     <span class='ocr_line' id='line_1_40' title="bbox 0 0 1206 3856; baseline 0 0"><span class='ocrx_word' id='word_1_301' title='bbox 0 0 1206 3856; x_wconf 95' lang='lat' dir='ltr'><strong> </strong></span> 
     </span>
    </p>
   </div>
  </div>
 </body>
</html>
