2400 3856
262 431 504 508 PLINIUS
539 430 857 510 SECUNDUS

341 580 617 648 VESPASIANO
641 581 722 647 SUO
746 582 777 647 S.

115 769 223 831 Libros
240 768 387 830 Naturalis
406 769 571 848 Historiae,
592 771 736 831 novicium
759 768 892 830 Camenis
914 768 1095 842 Quiritiumt

55 863 170 915 tuorum
186 873 277 933 opus,
299 861 384 913 natos
406 854 482 933 apud
502 872 547 914 me
567 857 697 933 proxima
715 856 810 915 fetuua
832 855 987 916 licentiore
1004 857 1067 934 epi-

55 938 131 999 stula
152 957 273 999 narrare
288 938 426 998 constitui
448 938 517 1016 tibi,
545 939 749 999 iucundissime
777 941 936 1018 imperator
959 974 1003 989 -
1029 941 1069 1003 sit

55 1023 132 1083 enlm
146 1021 220 1082 haec
235 1023 275 1082 tui
288 1023 443 1101 praefatio,
462 1023 625 1100 verissima,
637 1023 702 1083 dum
717 1025 864 1084 ‘maxime'
881 1024 1069 1085 consenescit

30 1107 87 1165 sin
101 1114 187 1185 patre
212 1141 249 1151 -
272 1124 425 1185 namque
451 1114 486 1166 tu
508 1107 662 1167 solebas
684 1126 798 1184 nugas
821 1127 907 1169 esse
929 1107 1069 1187 aliquid

53 1208 149 1250 meas
176 1197 330 1267 putare,
349 1199 380 1249 ut
395 1190 494 1250 obiter
510 1191 654 1251 emolliam
673 1188 825 1270 Catullum,
846 1202 1069 1252 conterraneum

54 1290 149 1334 meum
169 1274 316 1354 (agnoscis
343 1282 373 1334 et
400 1274 457 1334 boc
485 1284 637 1336 castrense
665 1275 809 1354 verbum).
839 1276 890 1336 ille
916 1279 1008 1352 enim,
1037 1283 1069 1335 ut

59 1359 129 1434 scis,
146 1359 315 1436 permutatis
331 1357 477 1435 prioribus
488 1358 622 1417 Saetabis
639 1357 833 1416 duriusculum
849 1378 882 1418 se
898 1360 970 1419 fecit
983 1378 1068 1438 quam

56 1441 181 1503 uolebat
211 1442 370 1503 existimari
392 1441 609 1501 aVeranniolis
633 1441 692 1499 suis
715 1449 744 1500 et
761 1439 902 1501 Fabullis.
937 1443 1021 1501 simul
1037 1449 1095 1502 uta

25 1526 114 1588 sobac
136 1543 201 1585 mea
223 1525 382 1604 petulantia
404 1525 453 1584 fiat
475 1525 553 1604 quod
576 1527 712 1604 proximo
732 1542 789 1584 non
811 1525 874 1584 fieri
897 1536 1018 1604 questus
1035 1544 1068 1584 es

57 1613 86 1671 in
110 1611 166 1671 alia
189 1609 310 1688 procaci
337 1608 462 1687 epistula
479 1618 594 1684 nostra,
617 1617 647 1667 ut
668 1610 697 1667 in
721 1609 862 1686 quaedam
884 1619 949 1669 acta
968 1617 1065 1685 exeat,

58 1696 210 1772 sciantque
240 1711 342 1753 omnes
373 1711 459 1771 quam
489 1711 527 1751 ex
553 1709 648 1770 aequo
676 1700 772 1750 tecum
797 1693 877 1752 vivat
903 1695 1065 1771 imperium.

58 1776 252 1855 'l'riumpbalis
271 1786 300 1837 et
318 1777 471 1836 censorius
488 1785 517 1835 tu
534 1777 710 1853 sexiensque
728 1776 829 1834 consul
846 1794 881 1835 ao
892 1775 1097 1836 tribuniciaed

58 1861 213 1941 potestatis
231 1861 380 1939 particeps
397 1869 443 1935 et,
468 1859 546 1937 quod
568 1858 614 1919 bis
635 1857 761 1917 nobilius
777 1859 889 1934 fecisti,
914 1860 981 1920 dum
996 1859 1068 1920 illud

21 1957 49 1999 15
58 1945 133 2025 patri
148 1943 258 2022 pariter
276 1953 305 2003 et
321 1944 452 2022 equestri
471 1943 564 2003 ordini
580 1952 728 2022 praestas,
752 1942 921 2021 praelectus
937 1943 1068 2022 praetori

58 2031 133 2104 eius,
153 2027 305 2106 omniaque
322 2027 398 2086 baec
419 2029 464 2086 rei
482 2027 630 2105 publicae,
650 2035 679 2087 et
694 2027 778 2086 nobis
795 2027 911 2106 quidem
928 2029 1022 2107 qualis
1038 2029 1067 2087 in

58 2111 201 2173 casmensi
224 2110 433 2186 contubernio,
459 2129 514 2170 nec
537 2113 691 2190 quicquam
705 2111 734 2171 in
749 2120 778 2171 te
796 2114 915 2171 mutavit
930 2112 1066 2172 fortunae

58 2195 227 2275 amplitudo,
245 2194 299 2253 nisi
313 2203 344 2254 ut
358 2194 504 2272 prodesse
520 2195 685 2254 tantundem
702 2213 808 2274 posses
823 2204 854 2254 ut
868 2195 974 2254 velles.
1008 2195 1096 2262 lta-4

58 2299 115 2359 que
128 2297 193 2339 cum
206 2278 314 2337 ceteris
326 2279 354 2336 in
368 2279 588 2338 venerationem
600 2279 640 2338 tui
657 2288 775 2357 pateant
792 2279 884 2337 omnia
901 2279 962 2352 illa,
979 2279 1065 2337 nobis

19 2364 93 2424 aoad
110 2362 266 2422 colendum
282 2371 311 2421 te
329 2362 498 2423 familiarius
514 2362 634 2423 audacia
647 2362 710 2421 sola
723 2369 867 2438 superest.
892 2360 967 2420 bano
979 2361 1066 2437 igitur

57 2445 109 2508 tibi
136 2446 298 2524 inputabis‚
327 2453 356 2504 et
380 2446 408 2504 iri
433 2453 533 2504 nostra
558 2444 643 2522 culpa
665 2443 717 2503 tibi
740 2445 889 2520 ignosces.
922 2443 1065 2503 Perfricui

56 2530 177 2605 faciem,
195 2547 251 2588 nec
263 2527 363 2589 'tamen
379 2528 510 2608 profeci,
528 2528 661 2606 quoniam
678 2527 734 2588 alia
751 2528 797 2586 ria
814 2528 944 2586 occurris
961 2529 1064 2605 ingens

57 2622 86 2673 et
102 2613 218 2690 longius
234 2614 321 2674 etiam
337 2612 494 2672 submoues
509 2611 608 2689 ingeni
619 2610 758 2672 fascibus.
792 2610 931 2688 fulgurat
943 2613 971 2670 in
984 2611 1093 2678 nulloo

56 2715 191 2775 umquam
212 2698 311 2757 verius
326 2698 402 2756 dicta
425 2698 470 2755 vis
492 2697 695 2775 eloquentiae,
720 2696 892 2756 tribuniciae
908 2697 1064 2774 potestatis

20 2791 47 2832 ²⁵
57 2779 222 2842 facundiae.
256 2780 370 2853 Quanto
386 2789 415 2840 tu
432 2798 484 2840 ore
498 2781 591 2859 patris
607 2781 710 2841 laudes
725 2781 824 2841 tonas!
842 2789 948 2859 quanto
965 2781 1063 2840 fratris

53 2864 163 2927 famas!
180 2872 302 2942 quantus
328 2865 357 2923 in
383 2866 500 2943 poetica
523 2864 571 2925 es!
608 2882 748 2942 omagna
771 2864 935 2925 fecunditas
962 2863 1062 2923 animi!

56 2948 298 3028 quemadmodum
322 2948 441 3007 fratrem
466 2966 583 3028 quoque
606 2949 758 3009 imitareris
781 2947 966 3024 excogitasti.
1002 2945 1091 3015 Sede

55 3032 131 3092 haec
153 3033 218 3111 quis
241 3033 334 3110 possit
357 3031 518 3110 intrepidus
544 3034 700 3094 aestimare
730 3032 875 3092 subiturus
901 3030 999 3106 ingeni
1022 3029 1063 3090 tui

55 3116 204 3191 iudicium,
219 3117 391 3193 praesertim
404 3112 592 3175 lacessitum?
620 3116 723 3195 Neque
737 3119 811 3175 enim
824 3115 924 3175 similis
938 3123 983 3172 est
994 3130 1061 3173 oon·

21 3213 46 3254 so
57 3199 133 3260 dicio
152 3198 359 3279 publicantium
376 3208 405 3258 et
419 3200 584 3259 nominatim
597 3198 648 3258 tibi
661 3199 823 3260 dicentium.
856 3198 927 3257 Tum
944 3213 1062 3275 possem

56 3283 173 3346 dicere:
205 3281 280 3357 Quid
307 3284 361 3343 ista
391 3282 484 3360 legis,
511 3280 689 3362 imperatori
721 3281 818 3342 humili
842 3279 931 3423 puppo
953 3283 1061 3360 scripta
