2400 3856
110 155 174 221 224
457 169 488 219 o.
510 172 605 219 surm
628 169 776 220 saeuum

112 329 189 386 inter
210 345 243 386 se
261 332 414 386 commeant
434 324 501 386 hinc
523 324 669 386 Nomades
692 333 724 386 et
746 327 935 386 Sauromatae
957 324 1055 386 multis
1076 343 1128 386 no·

112 409 254 486 minibus,
276 408 356 469 illinc
371 407 493 470 Abzoae
510 426 569 469 non
584 409 780 488 paucioribus.
817 409 853 470 ab
876 409 997 470 introitu
1021 408 1128 470 dextra

113 512 277 554 mucronem
301 494 393 571 ipsum
415 493 538 554 faucium
560 501 661 556 tenent
687 491 772 553 Udini
795 492 966 570 Scytharum
987 493 1126 572 populus.

114 579 180 637 dein
194 595 248 656 per
263 594 342 638 oram
358 576 483 654 Albani,
506 586 536 637 ut
551 577 665 653 lerunt,
681 577 717 637 ab
739 576 845 637 iasone
862 578 935 654 orti,
960 586 1029 638 ante
1052 594 1127 654 quos

63 665 96 719 39
114 661 190 739 quod
212 679 290 721 mare
319 668 364 721 est
386 660 527 721 Albanum
553 661 724 721 nominatur.
765 659 845 721 Haec
866 678 940 738 gens
965 660 1128 739 ,superfusa
1146 673 1159 716 ι

112 745 265 808 montibus.
280 742 427 805 Caucasiis
451 744 486 806 ad
510 742 617 820 Cyrum
639 762 766 821 amnem,
787 744 945 805 Armeniae
970 745 1128 805 confinium

78 843 101 878 ιι
114 839 200 908 atque
213 828 361 908 Hiberiae,
376 828 538 907 descendit,
553 837 584 888 ut
599 828 771 890 dictumest.
796 828 890 906 Supra
904 828 1046 888 maritima
1062 830 1127 888 eius

114 912 330 992 Udinorumque
348 909 465 989 gentem
481 912 646 989 Sarmatae,
662 911 809 988 Utidorsi,
826 910 972 972 Aroteres
989 920 1128 990 praeten-

78 1011 101 1046 ιι
114 998 232 1074 duntur,
255 1015 374 1075 quorum
396 1015 412 1056 a
434 1006 520 1073 tergo
539 995 680 1056 indicatae
704 998 758 1055 iam
780 995 945 1056 Amazones
970 1005 999 1055 et
1020 994 1127 1055 Sauro·

113 1080 245 1142 matides.
275 1080 405 1141 Flumina
427 1097 480 1156 per
495 1079 648 1139 Albaniam
663 1079 819 1140 decurrunt
840 1080 869 1138 in
889 1097 968 1141 mare
986 1076 1079 1140 Casus
1097 1087 1127 1139 et
1139 1089 1165 1134 ιι

114 1164 259 1240 Albanus,
280 1163 348 1222 dein
369 1161 528 1237 Cambyses
549 1164 579 1221 in
601 1159 748 1223 Caucasiis
771 1171 852 1223 ortus
871 1164 1037 1240 montibus,
1058 1181 1128 1224 mox

80 1267 103 1301 se
117 1245 209 1323 Cyrus
224 1249 254 1306 iu
270 1243 439 1323 Coraxicis,
461 1255 492 1305 ut
510 1245 643 1306 diximus.
673 1245 758 1306 Oram
776 1264 888 1307 ornnem
908 1265 925 1307 a
944 1245 1021 1309 Caso
1043 1265 1127 1326 prae·

114 1330 179 1389 altis
200 1330 320 1408 rupibus
343 1348 463 1391 accessu
484 1347 587 1390 carere
602 1348 658 1409 per
673 1327 900 1391 CCCCXXVH
923 1349 1000 1408 pass.
1025 1340 1128 1392 auctor

116 1423 161 1473 est
179 1414 320 1492 Agrippa.
353 1411 474 1490 ACyro
491 1412 625 1493 Caspium
640 1415 832 1475 marevocari
849 1415 958 1493 incipit.
991 1416 1128 1476 accolunt

63 1501 98 1552 40
115 1497 221 1577 Caspii.
265 1495 462 1574 Corrigendus
484 1507 530 1559 est
553 1500 583 1557 in
603 1497 745 1558 hocloco
763 1515 847 1559 error
867 1499 1023 1559 multorum
1040 1501 1128 1560 etiam
1140 1512 1163 1555 ιι

115 1584 163 1660 qui
184 1584 213 1642 in
237 1580 375 1642 Armenia
396 1600 444 1642 res
467 1582 599 1658 proxime
615 1600 677 1642 cum
697 1579 865 1643 Corbulone
881 1601 1019 1660 gessere.
1051 1601 1128 1643 narn-

116 1685 171 1742 que
193 1667 222 1724 hi
243 1663 363 1743 Caspias
385 1666 574 1743 appellavere
601 1674 700 1745 portas
721 1665 860 1727 Hiberiae
882 1685 953 1744 quas
970 1664 1127 1728 Caucasias

78 1760 102 1796 ιι
115 1751 237 1809 diximus
260 1750 375 1825 vocari,
403 1750 553 1827 situusque
575 1748 682 1828 depicti
704 1758 735 1810 et
755 1749 821 1810 inde
841 1752 922 1810 missi
942 1750 999 1811 boc
1021 1770 1128 1813 nomen

114 1836 284 1912 inscriptum
295 1832 411 1892 habent.
431 1842 460 1893 et
472 1832 599 1893 Neronis
612 1835 750 1912 priucipis
766 1836 948 1895 comminatio
960 1834 996 1895 ad
1003 1833 1127 1913 Caspias

115 1927 216 1998 portas
234 1917 356 1977 tendere
369 1916 530 1994 dicebatur,
542 1936 605 1977 curn
619 1926 737 1996 peteret
749 1917 813 1978 illas
825 1936 900 1997 quae
913 1937 966 1997 per
977 1918 1128 1981 Hiberiam
1139 1933 1163 1974 so

114 2005 143 2060 in
160 2002 304 2062 Sarmatas
321 2001 453 2078 tendunt,
467 2003 517 2060 vix
536 2000 595 2061 ullo
611 2010 734 2080 propter
749 2004 902 2082 oppositos
917 2011 1035 2063 montes
1048 2003 1127 2063 aditu

115 2086 150 2144 ad
169 2083 303 2163 Caspium
318 2103 406 2144 mare.
438 2093 503 2144 sunt
518 2093 613 2145 autem
628 2085 702 2145 aliae
719 2083 833 2163 Caspiis
849 2086 985 2164 gentibus
998 2089 1127 2163 iunctae,

115 2168 192 2244 quod
218 2168 349 2243 dignosci
379 2184 437 2227 non
469 2174 569 2246 potest
600 2169 654 2228 nisi
681 2172 816 2231 comitatu
840 2189 936 2231 rerum
965 2170 1127 2232 Alexandri

113 2250 219 2329 lllagni.
936 2303 941 2314 .
1108 2293 1111 2298 ·

63 2347 96 2398 41
180 2333 265 2416 (16.)
287 2335 416 2415 Namque
445 2335 598 2397 Persarum
624 2355 731 2416 regna,
761 2357 835 2417 quae
860 2357 935 2400 nunc
955 2339 1162 2401 Parthorumss

115 2420 328 2498 intellegimus,
346 2421 488 2481 interduo
499 2423 587 2482 maria
599 2422 747 2483 Persicum
766 2432 796 2483 et
813 2423 985 2499 Hyrcanium
1005 2422 1127 2485 Caucasi

116 2507 191 2582 iugis
207 2504 385 2565 attolluntur.
412 2507 556 2584 utrimque
567 2525 621 2584 per
636 2505 748 2567 deuexa
763 2506 885 2567 laterum
900 2508 1059 2571 Armeniae
1071 2527 1128 2568 ma-

117 2591 172 2648 iori
189 2607 205 2648 a
221 2589 325 2648 lrontis
343 2597 426 2667 parte
443 2606 516 2668 quae
532 2591 630 2667 vergit
645 2592 675 2650 in
691 2589 906 2668 Commagenen
919 2590 1082 2670 Cepheuia,
1098 2601 1129 2652 ut

80 2690 104 2725 ιι
117 2672 249 2748 diximus,
263 2672 425 2749 copulatur,
439 2675 525 2751 eique
542 2672 694 2734 Adiabene
706 2674 895 2751 Assyriorum
906 2677 1027 2754 initium,
1047 2679 1128 2737 ouius

118 2772 184 2833 pars
201 2763 247 2814 est
267 2755 401 2815 Arbilitis
426 2756 473 2815 ubi
489 2757 606 2816 Darium
627 2757 796 2819 Alexander
817 2756 976 2820 debellavit
994 2761 1163 2838 proximem

14 2906 21 2920 ι
64 2841 98 2892 42
117 2840 229 2915 Syriae.
260 2837 361 2898 Totam
381 2858 443 2898 eam
457 2839 632 2901 Macedones
648 2841 832 2920 Mygdoniam
849 2845 1130 2921 cognominaverunt

117 2942 132 2983 a
159 2922 354 2983 similitudine.
401 2923 507 3001 oppida
537 2923 732 3004 Alexandria,
762 2929 832 2986 item
858 2926 1014 2988 Antiochia
1046 2947 1131 3008 quarn

116 3007 248 3068 Nesebin
263 3015 377 3068 vocant.
411 3007 495 3068 abest
517 3010 552 3068 ab
570 3010 720 3071 Artaxatis
736 3008 835 3071 DCCL
850 3010 879 3070 ll
895 3031 1040 3090 passuum.
1075 3014 1131 3074 luit

117 3101 147 3152 et
163 3091 255 3153 Ninos
272 3094 398 3171 inposita
414 3091 495 3170 Tigri
514 3093 549 3153 ad
569 3094 641 3154 solis
665 3112 798 3155 oceasum
814 3105 967 3174 spectans,
986 3098 1131 3174 quondam

117 3176 284 3236 clarissima.
311 3177 423 3254 reliqua
442 3195 512 3237 vero
529 3178 638 3255 ironte,
657 3197 712 3257 qua
728 3179 820 3240 tendit
835 3179 871 3239 ad
887 3178 1022 3259 Caspium
1039 3200 1130 3258 mare,
1142 3196 1165 3238 ιι

116 3261 295 3339 Atrapatene
314 3259 349 3319 ab
366 3260 522 3321 Armeniae
538 3259 632 3323 Otene
649 3265 773 3339 regione
791 3263 917 3324 discreta
935 3265 1046 3327 Araxe.
1079 3283 1130 3346 op·

116 3344 212 3421 pidum
229 3347 291 3404 eius
309 3342 420 3421 Gazae,
439 3344 475 3404 ab
487 3346 636 3406 Artaxatis
650 3344 771 3407 CCCCL
787 3346 816 3406 Μ
832 3366 983 3427 passuum,
1005 3350 1128 3412 totidem

116 3427 152 3487 ab
166 3427 323 3488 Ecbatanis
339 3426 506 3506 Medorum,
524 3446 645 3508 quorum
660 3448 728 3509 pars
746 3439 812 3492 sunt
827 3433 1008 3511 Atrapateni.
