2400 3856
343 181 422 228 unu.
445 182 536 231 msa.
559 180 596 229 11.
618 174 737 229 oa-et.
761 171 904 246 (ao-eo.)
1070 166 1130 232 113

119 338 197 398 circa
220 334 400 397 simulacrum
420 335 579 396 Minervae.
623 336 653 396 in
675 337 777 396 eodem
807 346 838 399 et
864 337 967 399 relicta
989 337 1131 398 sacrificia

120 437 179 480 uon
195 428 372 498 putrescunt.

183 500 268 582 (98.)
283 503 366 564 luxta
378 502 507 582 Harpasa
523 504 659 583 oppidum
671 503 762 566 Asiae
776 513 875 567 cautes
893 514 949 566 stat
961 505 1106 567 horrenda
1122 512 1172 565 211

121 605 178 650 uno
195 587 287 666 digito
303 587 436 666 mobilis,
456 587 573 665 eadem,
589 589 614 647 si
636 596 700 648 toto
716 606 843 667 corpore
866 590 1039 668 inponatur,
1057 591 1130 650 resi-

97 683 211 740 estens.
239 671 272 732 lu
287 671 446 733 Taurorum
462 672 633 751 paeninsula
648 674 678 732 in
693 674 811 733 civitate
827 673 966 735 Parasino
990 681 1068 733 terra
1084 682 1131 732 est

121 776 177 836 qua
199 765 335 817 sanantur
359 757 452 816 omnia
473 755 603 816 vulnera.
644 765 672 816 at
696 757 773 816 circa
792 756 892 818 Asson
914 755 1035 816 Troadis
1057 756 1131 834 lapis

120 842 328 918 nasciturque
352 849 557 900 consumuntur
579 841 673 901 omnia
695 857 837 918 corpora,
859 840 1058 918 sarcophagus
1082 857 1132 900 vo·

121 933 213 985 catur.
236 923 301 983 Duo
319 933 384 983 sunt
401 935 513 985 montes
530 926 608 986 iuxta
624 925 729 984 ilumen
744 923 852 986 lndum.
883 923 968 985 alteri
984 932 1085 984 natura
1101 932 1133 984 ut

121 1010 230 1068 ferrum
248 1026 332 1068 omne
348 1016 458 1087 teneat,
474 1009 559 1069 alteri
575 1017 606 1068 ut
619 1018 751 1088 respuat,
765 1010 875 1088 itaque,
894 1010 919 1069 si
935 1009 993 1069 sint
1011 1008 1086 1068 clavi
1102 1009 1131 1069 in

86 1119 112 1157 ιο
122 1093 323 1169 calciamento,
334 1095 460 1171 vestigia
472 1093 559 1154 avelli
573 1094 601 1152 in
615 1093 709 1153 altero
722 1111 780 1154 non
792 1110 893 1173 posse,
907 1095 937 1153 in
948 1093 1043 1153 altero
1057 1093 1131 1152 sisti.

121 1176 225 1236 Locris
241 1185 271 1236 et
289 1174 420 1239 Crotone
442 1175 639 1255 pestilentiam
660 1196 811 1257 numquam
830 1179 921 1240 fuisse
946 1196 1000 1238 nee
1023 1178 1053 1237 in
1074 1176 1132 1236 illis

123 1270 221 1320 terrae
237 1268 344 1320 motum
359 1261 523 1320 adnotatum
541 1269 602 1339 est,
622 1263 652 1321 in
666 1260 754 1337 Lycia
769 1280 841 1322 uero
859 1280 976 1340 semper
1000 1280 1016 1322 a
1035 1269 1132 1321 terrae

122 1353 202 1404 motu
218 1342 267 1403 XL
284 1344 347 1404 dies
362 1363 486 1405 serenos
503 1363 581 1406 esse.
618 1345 651 1406 lu
668 1363 740 1422 agro
758 1345 879 1424 Arpano
902 1347 1075 1405 frumentum
1090 1361 1134 1404 sa·

123 1438 182 1488 tum
197 1445 255 1488 non
272 1431 408 1490 nascitur.
433 1429 468 1490 ad
484 1447 547 1489 aras
564 1427 673 1490 Mucias
690 1432 719 1489 in
735 1429 863 1489 Veiente
884 1437 914 1489 et
931 1429 1007 1506 apud
1024 1426 1133 1487 Tuscu·

88 1513 218 1577 salanum
233 1521 263 1572 et
279 1513 308 1572 in
327 1513 400 1572 silva
417 1510 538 1573 Ciminia
560 1513 624 1572 loca
642 1521 708 1573 suut
731 1513 879 1591 inquibus
904 1514 933 1572 iu
955 1521 1062 1572 terram
1085 1512 1134 1571 de·

124 1603 208 1675 pacta
233 1614 292 1656 nou
320 1596 518 1659 extrahuntur.
561 1598 590 1656 iu
617 1593 800 1656 Crustumino
827 1605 923 1657 natum
949 1596 1064 1656 laeuum
1093 1594 1134 1653 ibi

123 1681 257 1757 noxium,
274 1689 357 1740 extra
373 1681 491 1741 salubre
507 1688 563 1742 est.

187 1762 236 1826 97.
251 1762 334 1842 (99.)
352 1764 389 1823 Et
404 1765 441 1824 de
456 1783 593 1842 aquarum
609 1773 708 1826 natura
723 1766 863 1844 conplura
872 1765 949 1827 dueta
967 1774 1042 1842 sunt,
1060 1763 1113 1824 sed
1128 1729 1179 1821 ala

125 1857 244 1908 aestuus
261 1850 347 1908 maris
365 1849 508 1909 accedere
524 1858 554 1908 et
568 1851 758 1949 reciprocare
772 1851 896 1912 maxime
911 1851 1030 1925 mirum,
1047 1848 1134 1927 pluri·

89 1932 179 1997 robus
198 1932 312 2011 quidem
327 1931 436 2009 modis,
459 1951 560 1992 verum
581 1951 667 1993 causa
689 1935 720 1993 in
736 1931 801 1994 sole
824 1931 956 2012 lunaque.
994 1933 1040 1992 bis
1058 1933 1137 1991 inter

126 2016 199 2076 duos
218 2024 359 2076 exortuus
376 2015 459 2077 lunae
476 2015 603 2078 adfluunt
618 2017 723 2094 bisque
740 2026 871 2079 remeant
892 2018 1003 2077 vicenis
1021 2024 1137 2093 quater·

126 2101 229 2178 nisque
245 2119 363 2180 semper
378 2099 477 2180 horis,
494 2109 523 2162 et
539 2104 659 2180 primum
675 2102 830 2162 attollente
846 2120 880 2161 se
901 2119 964 2160 curu
979 2101 1014 2161 ea
1031 2099 1135 2159 mundo

128 2184 375 2264 intumescentes,
396 2203 465 2246 mox
485 2204 501 2246 a
524 2186 683 2247 meridiano
706 2187 779 2246 caeli
801 2185 919 2262 fastigio
943 2193 1087 2261 vergente
1108 2184 1138 2243 in

130 2285 265 2328 oceasum
281 2269 459 2347 residentes,
473 2287 634 2348 rursusque
649 2270 684 2330 ab
702 2287 807 2331 occasu
823 2269 925 2329 subter
941 2267 976 2328 ad
992 2267 1067 2327 caeli
1083 2268 1137 2325 ima
1185 2319 1189 2327 .

91 2374 117 2414 aa
127 2353 323 2413 etmeridiauo
332 2357 475 2414 contraria
487 2354 645 2414 accedente
657 2352 914 2427 inundantes,hino
926 2350 1020 2411 donec
1032 2352 1137 2410 iterum

127 2437 279 2495 exoriatur
295 2455 327 2496 se
343 2436 552 2509 resorbentes,
568 2452 624 2494 uec
640 2453 770 2512 umquam
786 2435 890 2495 eodem
905 2443 1038 2512 tempore
1056 2452 1112 2511 quo
1129 2440 1183 2494 213

127 2517 222 2595 pridie
249 2518 345 2593 reilui,
363 2528 393 2578 ut
419 2517 590 2577 ancillantes
636 2517 762 2579 siderum
786 2519 871 2579 avido
897 2517 1021 2596 trabenti
1040 2535 1138 2578 secum

106 2645 108 2648 Α
126 2602 232 2661 haustu
247 2602 335 2679 maria
352 2610 381 2660 et
396 2600 512 2661 adsidue
528 2600 643 2661 aliunde
665 2619 748 2681 quam
763 2603 856 2682 pridie
873 2602 1028 2675 exorienti,
1063 2602 1138 2680 pari·

128 2683 183 2743 bus
201 2693 296 2745 tamen
318 2684 479 2745 intervallis
495 2686 641 2764 reciproci
664 2679 802 2766 senisque
819 2705 936 2766 semper
958 2685 1058 2763 horis,
1079 2703 1138 2745 nou

91 2790 118 2831 ro
128 2770 268 2847 cuiusque
286 2769 343 2830 diei
359 2777 407 2829 aut
418 2771 513 2830 noetis
525 2779 573 2830 aut
586 2770 709 2842 loci,sed
725 2770 760 2831 ab
773 2770 1046 2850 aequinoctialibus,
1057 2769 1138 2830 ideo·

128 2871 184 2932 que
203 2854 373 2933 inaequales
389 2854 552 2931 vulgarium
574 2855 709 2916 horarum
727 2857 840 2934 spatio,
860 2863 1014 2932 utcumque
1037 2854 1137 2932 plures

128 2939 157 2996 in
175 2957 225 2999 eas
242 2948 290 2998 aut
305 2940 362 2999 diei
379 2947 426 3000 aut
446 2940 540 2999 noctis
555 2938 667 3000 illarum
682 2957 836 3000 mensurae
854 2939 975 3016 cadunt,
991 2945 1022 2997 et
1041 2938 1138 3014 aequi·

51 3018 54 3023 ’
130 3025 228 3082 noetio
247 3031 353 3082 tantum
366 3041 452 3101 pares
466 3023 583 3099 ubique.
605 3022 714 3100 lugens
725 3032 924 3100 argumentum
939 3022 1113 3101 plenumque
1129 3025 1186 3075 214

129 3105 202 3165 lucis
221 3126 254 3166 ac
270 3109 350 3167 vocis
368 3109 452 3167 etiam
470 3107 584 3168 divinae
600 3105 723 3168 hebetes
742 3126 810 3169 esse
832 3109 879 3186 qui
897 3113 1007 3181 negent
1024 3104 1137 3163 subter·

94 3208 227 3251 remeare
244 3189 340 3251 sidera
358 3209 391 3250 ac
406 3209 506 3251 rursus
528 3190 629 3251 eadem
646 3209 811 3269 exurgere,
833 3189 1015 3265 similemque
1038 3187 1138 3262 terris,

130 3276 215 3334 immo
234 3293 306 3335 vero
324 3285 443 3337 naturae
455 3277 627 3352 universae,
644 3275 750 3337 exinde
762 3276 867 3336 faciem
878 3275 907 3331 iu
922 3271 1024 3331 iisdem
1038 3278 1137 3330 ortuus

130 3375 331 3437 occasuusque
351 3360 508 3438 operibus,
523 3375 581 3419 non
596 3361 681 3421 aliter
701 3361 753 3420 sub
772 3371 850 3419 terra
866 3356 1020 3416 manifesto
1034 3353 1147 3413 sideris.

130 3459 214 3501 cursu
234 3444 331 3504 aliove
348 3444 455 3504 ellectu
466 3461 550 3523 quam
565 3462 629 3505 cum
642 3452 762 3523 praeter
773 3440 875 3502 oculos
888 3448 1006 3500 nostros
1018 3440 1139 3500 feratur.

196 3558 275 3595 resur
293 3560 356 3597 uxr.
374 3560 447 3597 ausu.
464 3546 488 3596 Ι.
917 3521 940 3586 8
