2400 3856
118 160 177 223 136
494 171 802 251 cunrat-securum

115 327 274 404 Anagnini,
299 325 441 400 Atellani,
455 324 601 401 Aeiulani,
620 325 792 405 Arpinates,
813 326 996 405 Auximates,
1024 330 1115 392 Abel·

115 413 190 486 lani,
213 410 356 470 Alfaterni
379 419 408 469 et
424 413 472 493 qui
488 431 527 472 ex
546 427 617 488 agro
633 409 732 471 Latino
754 411 822 470 item
836 410 963 472 llernico
980 415 1048 475 item
1063 415 1117 476 ba·

116 496 221 555 bicano
237 495 489 572 cognominantur,
514 493 671 569 Bovellae,
697 491 843 569 Galatiae,
861 493 1010 572 Casinum,
1030 495 1117 558 Gale·

114 599 195 655 num,
221 577 383 656 Capitulum
397 577 571 653 Hornetum,
586 577 750 639 'Cernetani
766 579 813 658 qui
831 578 949 639 blariani
967 584 1116 658 cognomi·

114 672 231 738 nantur,
249 659 355 723 (lorani
372 682 387 723 a
404 661 540 724 Dardano
557 662 683 723 Troiano
706 664 778 738 orti,
796 661 987 740 Cubulterini,
1007 662 1140 726 castri-5

71 750 297 822 salmodienses,
316 744 481 823 Cingulani,
498 747 659 808 Fabienses
676 749 705 806 in
720 756 816 806 monte
833 746 965 824 Albano,
982 747 1117 829 Foropo·

115 833 263 912 pnlienses
282 849 320 891 en
335 829 478 904 Falerno,
495 830 678 906 Frusinates,
695 829 913 906 Ferentinates,
931 830 1115 909 Freginates,

114 917 284 978 Fabraterni
297 915 435 991 Veteres,
452 914 621 975 Fabraterni
629 912 719 990 Novi,
736 913 919 990 Ficolenses,
936 914 1115 992 Fregellani,

110 996 217 1058 Forum
234 1001 324 1078 Appi,
339 998 507 1075 Forentani,
525 997 639 1073 Gabini,
655 998 865 1060 Interamnates
882 998 1012 1058 Sucasini
1025 1000 1072 1076 qui
1090 1009 1121 1058 et

110 1080 262 1141 Lirenates
274 1090 426 1156 vocantur,
442 1081 617 1158 Ilionenses,
632 1081 762 1157 Lanuini,
778 1082 919 1158 Norbani,
934 1081 1119 1156 Nomentani,
1135 1105 1162 1145 ro

111 1165 289 1225 Praenestini
305 1162 377 1221 urbe
392 1163 535 1241 quondam
550 1163 698 1243 Stephane
715 1165 808 1242 dicta,
832 1166 1035 1244 Privernates,
1059 1170 1112 1229 Se-

112 1250 171 1324 tini,
188 1248 308 1325 Signini,
325 1246 511 1324 Suessulani,
528 1247 667 1324 Telesini,
686 1247 843 1309 Trebulani
859 1253 1031 1328 cognomine
1047 1252 1112 1314 Bal·

112 1333 268 1406 linienses,
287 1329 429 1405 Trebani,
449 1330 613 1409 Tusculani,
631 1331 781 1409 verulani,
797 1333 950 1411 Veliterni,
969 1335 1112 1395 Ulubren·

67 1425 177 1492 obses,
193 1413 368 1490 Urbanates,
386 1434 533 1496 superque
548 1416 641 1478 Roma
661 1418 740 1496 ipsa,
767 1419 847 1477 cuins
869 1436 974 1479 nomen
990 1419 1112 1480 alterum

111 1501 210 1561 dicere
232 1501 345 1560 arcanis
368 1501 603 1561 caerimoniarum
626 1502 709 1561 netas
731 1501 869 1578 babetur,
899 1504 1065 1582 optimaque
1083 1513 1151 1563 etan

111 1584 230 1646 salutari
242 1584 299 1644 lide
312 1583 448 1645 abolitum
461 1587 616 1646 enuntiavit
627 1584 761 1647 Valerius
773 1587 911 1661 Soranus,
925 1587 1033 1665 luitque
1045 1604 1113 1646 mox

110 1687 232 1752 poenas.
264 1665 330 1730 Non
349 1667 472 1730 alienum
493 1670 606 1730 videtur
628 1671 760 1730 inserere
782 1669 839 1729 boc
861 1669 929 1729 loco
948 1670 1112 1748 exemplum
1188 1703 1192 1711 ·

110 1757 262 1834 religionis
275 1756 419 1834 antiquae,
436 1754 474 1814 ob
491 1754 547 1814 hoc
564 1753 687 1814 maxime
707 1754 849 1814 silentium
861 1755 1014 1814 institutae.
1035 1772 1111 1815 nam-

112 1860 168 1920 que
185 1842 250 1901 diva
263 1840 429 1917 Angerona,
448 1839 494 1898 cui
510 1839 689 1899 sacrificatur
699 1857 725 1898 a.
739 1838 766 1898 d.
779 1837 842 1897 Xll.
856 1837 972 1900 kalend.
986 1837 1111 1913 Ianuar,

57 1936 163 1990 >onore
179 1924 307 2001 obligato
321 1923 531 2001 obsignatoque
544 1922 727 1982 simulacrum
738 1921 833 1982 babet.
858 1921 967 1981 Urbem
977 1927 1112 2000 trespor-
1121 1943 1151 1985 ro

110 2018 155 2068 tas
170 2008 326 2066 habentem
342 2006 482 2067 Romulus
497 2004 629 2085 reliquit,
646 2015 693 2066 aut
709 2005 755 2082 (nt
773 2005 912 2082 plurimas
934 2005 1112 2066 tradentibus

111 2091 277 2166 credamus)
296 2098 436 2168 quattuor.
463 2090 576 2148 moenia
592 2090 654 2147 eius
671 2088 821 2164 collegere
835 2087 941 2148 ambitu
957 2092 1112 2166 imperato·

111 2175 190 2232 ribus
207 2171 436 2251 censoribusque
453 2171 644 2249 vespasianis
659 2188 732 2232 anno
750 2171 883 2232 conditae
899 2170 1110 2232 DGCGXXVI.

110 2274 190 2336 pass.
207 2254 276 2314 Xlll
291 2254 320 2314 bl
335 2253 395 2321 GC,
423 2255 567 2334 conplexa
590 2265 702 2316 montes
718 2265 841 2333 septem.
854 2257 918 2332 ipsa
934 2257 1069 2317 dividitur
1084 2259 1112 2316 in

111 2342 249 2418 regiones
273 2340 514 2419 quattuordecim,
541 2341 666 2418 compita
688 2339 790 2401 barum
817 2336 952 2400 cclxv.
984 2340 1152 2400 eiusdemae

111 2427 235 2504 spatium
258 2443 391 2485 mensura
417 2433 550 2491 currente
568 2444 585 2485 a
605 2425 725 2485 miliario
748 2426 777 2483 in
800 2425 895 2501 capite
913 2423 1035 2485 Romani
1057 2425 1114 2485 iori

112 2518 216 2570 statuto
233 2509 269 2568 ad
292 2509 419 2587 singulas
443 2518 557 2587 portas,
579 2527 655 2588 quae
678 2517 742 2568 sunt
759 2509 847 2568 bodie
863 2526 982 2568 numero
998 2510 1114 2585 triginta

113 2601 226 2670 septem
244 2594 282 2652 ita
298 2602 327 2651 ut
345 2593 497 2654 duodecim
518 2593 610 2653 semel
632 2601 817 2652 numerentur
832 2601 1113 2671 praetereanturque

113 2694 152 2734 ex
166 2675 314 2734 veteribus
326 2685 439 2752 septem
454 2695 528 2755 quae
543 2694 610 2735 esse
626 2677 784 2751 desierunt,
802 2675 893 2736 eflicit
909 2694 1044 2754 passuum
1060 2693 1114 2754 per

66 2758 104 2816 ot
113 2758 253 2818 directum
278 2756 333 2815 XX
355 2757 384 2816 Μ
402 2756 565 2817 DCGLXV.
592 2760 628 2819 ad
650 2769 779 2818 extrema
801 2777 872 2819 vero
891 2768 1032 2820 tectorum
1049 2775 1150 2818 cuman

114 2840 217 2902 castris
232 2842 387 2918 praetoriis
403 2841 556 2901 abeodem
567 2842 689 2902 miliario
705 2860 760 2921 per
775 2845 858 2903 vicos
871 2845 994 2903 omnium
1005 2845 1114 2902 viarum

112 2942 246 2985 mensura
270 2924 381 2999 colligit
403 2924 489 3001 paulo
513 2925 635 3005 amplius
656 2929 839 3004 septuaginta
864 2927 942 2986 milia
968 2945 1112 3006 passuum.

113 3008 191 3089 quod
216 3009 240 3067 si
264 3009 327 3087 quis
351 3007 526 3068 altitudinem
548 3018 690 3069 tectorum
717 3010 818 3085 addat,
842 3009 954 3086 dignam
978 3011 1116 3089 proiecto

113 3093 350 3154 aestimationem
366 3092 525 3171 concipiat,
549 3093 731 3172 fateaturque
752 3092 857 3152 nullius
874 3093 954 3154 urbis
975 3095 1113 3170 magnitu-

112 3178 209 3237 dinem
220 3177 247 3234 in
259 3184 319 3236 toto
332 3175 405 3235 orbe
417 3177 547 3254 potuisse
564 3179 591 3236 ei
603 3179 778 3255 comparari.
797 3176 938 3236 clauditur
951 3177 986 3238 ab
1000 3178 1112 3235 oriente
1122 3195 1151 3236 as

112 3278 225 3337 aggere
243 3258 380 3339 Tarquini
392 3259 517 3338 Superbi
531 3261 606 3319 inter
621 3278 712 3338 pruma
729 3277 821 3338 opere
836 3261 972 3333 mirabili,
990 3277 1112 3336 namque

113 3361 179 3402 eum
194 3344 280 3402 muris
292 3345 426 3423 aequavit
441 3361 497 3423 qua
514 3345 636 3403 maxime
655 3343 773 3420 patebat
791 3344 868 3403 aditu
889 3344 986 3421 plano.
1011 3351 1114 3401 cetero

111 3427 218 3486 mnnita
235 3436 296 3486 erat
311 3427 474 3505 praecelsis
485 3427 572 3486 muris
590 3435 637 3485 aut
652 3425 781 3504 abruptis
796 3426 950 3503 montibus,
965 3427 1020 3484 nisi
1036 3424 1114 3504 quod
