2400 3856
319 184 399 232 aar.
415 185 505 236 ausu.
521 185 556 232 11.
578 179 730 233 roa-roa.
747 170 922 253 (nr-112.)
1067 167 1126 230 121

119 349 150 401 et
168 338 354 398 Corinthiaco
376 340 440 399 sinu
457 338 558 399 Patras
580 338 778 417 Peloponnesi
800 334 878 400 CCII
905 339 946 418 D,
966 337 1128 399 Leucadem

118 422 282 484 LXXXVII
308 422 352 499 D,
369 420 527 498 Corcyram
542 422 679 500 totidem,
696 423 912 484 Acroceraunia
928 420 1064 484 CXXXII
1090 421 1128 494 D,

118 507 300 568 Brundisium
320 504 484 566 LXXXVII
511 505 554 582 D,
574 505 695 566 Romam
715 505 841 566 CCCLX
860 506 906 586 tt,
926 508 1020 586 Alpes
1035 524 1127 584 usque

121 592 156 652 ad
175 591 397 668 Scingomagum
413 592 507 650 vicum
522 589 678 667 DXVllll,
700 609 755 670 per
771 590 889 652 Calliam
910 592 946 652 ad
960 590 1128 667 Pyrenaeos

97 683 234 736 emontes
252 674 392 735 Illiberim
405 671 588 750 CCCCLVI,
611 675 645 734 ad
666 693 805 735 oceanum
825 683 855 735 et
868 675 1025 754 Hispaniae
1048 690 1148 733 oram,

119 756 353 835 DCCCXXXII,
382 758 505 818 traiectu
525 758 620 820 Gades
640 759 703 821 Vll.
725 759 769 836 D,
791 777 866 839 quae
887 775 1021 820 mensura
1041 757 1128 816 Arte·

119 842 222 902 midori
236 845 348 903 ratione
367 857 551 927 thxxxvltut
564 841 644 902 XCV
654 841 789 904 lleihcit.
809 840 1171 902 Latitudoautemter·245

119 945 171 987 rae
199 944 215 986 a
241 927 400 986 meridiano
422 928 479 986 situ
501 927 536 987 ad
559 929 778 1005 septentriones
801 926 918 987 dImidio
947 926 1011 986 lere
1034 926 1129 983 minor

120 1010 286 1087 colligitur,
304 1012 476 1094 mnnthlt
492 1011 585 1088 milia,
608 1029 665 1090 quo
691 1010 783 1089 palam
804 1010 835 1070 lit
854 1019 988 1089 quantum
1012 1017 1041 1068 et
1062 1008 1129 1067 hino

87 1113 214 1174 rovapor
234 1095 389 1154 abstulerit
414 1103 443 1155 et
466 1095 545 1156 illinc
568 1097 659 1174 rigor.
697 1113 793 1173 neque
814 1097 890 1154 eninr
912 1094 1019 1154 deesse
1039 1092 1128 1152 terrie

121 1180 247 1240 arbitror
266 1187 314 1239 aut
333 1196 392 1237 non
408 1197 476 1238 esse
492 1180 574 1257 globi
590 1183 725 1256 lormam,
749 1179 803 1239 sed
816 1177 1016 1239 inhabitabilia
1031 1176 1129 1236 utrIm·

121 1281 178 1341 que
195 1265 366 1341 inconperta
383 1281 460 1323 esse.
497 1264 569 1324 haec
591 1282 726 1324 mensura
746 1263 836 1323 currit
857 1281 873 1323 a
897 1263 986 1323 litore
1005 1260 1128 1322 Aethio·

120 1348 178 1426 pici
201 1347 319 1423 oceani,
347 1346 509 1423 quamodo
530 1347 692 1423 habitatur,
716 1347 751 1407 ad
770 1346 893 1407 Meroen
915 1344 1037 1421 DCCV,
1061 1343 1128 1405 inde

120 1430 326 1490 Alexandriam
343 1431 412 1512 pili}
423 1429 460 1506 L,
479 1429 611 1490 Rhodum
623 1429 816 1507 DLXXXllI,
833 1428 953 1490 Cnidum
969 1426 1128 1489 LXXXVI.

87 1515 163 1590 roD,
188 1512 278 1574 Coum
299 1512 383 1573 XXV
406 1514 501 1590 milia,
527 1514 639 1575 Samum
661 1513 684 1574 C
704 1514 796 1590 milia,
820 1512 922 1574 Chium
938 1510 1130 1572 LXXXXllll

109 1598 215 1675 milia,
233 1597 394 1674 Mytilenen
417 1595 497 1657 LXV
511 1599 605 1676 milia,
621 1598 768 1658 Tenedum
784 1597 878 1658 XLIX
892 1597 987 1674 milia,
1010 1597 1129 1673 Sigeum

121 1684 349 1762 promunturium
371 1680 426 1742 Xll
446 1683 524 1743 milia
550 1684 716 1761 quingenti,
739 1700 772 1742 os
793 1681 879 1742 Ponti
903 1679 1034 1741 CCCXII
1052 1678 1128 1738 milia

122 1767 288 1844 quingenti,
325 1764 477 1826 Carambin
513 1765 741 1845 promunturium
780 1759 894 1837 CCCL,
933 1778 966 1820 os
1003 1758 1128 1821 Illaeotis

123 1847 253 1910 CCCXll
278 1850 356 1910 milia
378 1851 546 1928 quingenti,
567 1851 672 1910 ostium
689 1848 792 1909 Tanais
817 1846 943 1908 CCLXV
963 1847 1057 1922 mllia,
1081 1847 1129 1923 qui

87 1928 1173 2095 ²⁰tttttttttltttt‘ttttt‘tlttttttllllllhln

121 2121 201 2163 cere.
246 2102 450 2163 Artemidorus
473 2103 613 2164 ulteriora
641 2102 813 2181 inconperta
844 2100 1037 2176 existimavit,
1068 2114 1130 2158 oum

121 2188 198 2247 circa
213 2185 330 2247 Tanaim
345 2189 537 2248 Sarmatarum
551 2195 658 2266 gentes
673 2186 783 2264 degere
806 2186 948 2246 fateretur
963 2184 997 2243 ad
1014 2192 1131 2262 septen·

124 2272 235 2329 triones
255 2289 369 2331 versus.
415 2271 545 2332 lsidorus
574 2271 680 2332 adiecit
706 2270 884 2330 duodeciens
909 2276 1033 2329 centena
1053 2267 1131 2325 milia

89 2355 333 2430 eaquinquaginta
348 2372 441 2432 usque
461 2355 498 2415 ad
513 2354 641 2431 Thylen,
660 2372 735 2431 quae
756 2355 925 2414 coniectura
946 2351 1131 2430 divinationis

125 2445 178 2496 est.
218 2453 275 2512 ego
297 2454 356 2495 non
377 2439 489 2497 minore
511 2456 594 2515 quam
617 2438 749 2515 proxime
771 2435 849 2495 dicto
876 2435 971 2513 spatio
991 2433 1132 2504 Sarmata·

123 2537 186 2579 rum
206 2518 279 2578 lines
306 2521 388 2579 nosci
414 2519 566 2596 intellego.
612 2527 641 2579 et
665 2518 774 2597 alioqui
795 2527 929 2596 quantum
954 2535 1021 2576 esse
1043 2516 1133 2576 debet

123 2602 201 2680 quod
215 2602 441 2663 innumorahiIes
462 2612 567 2680 gentes
589 2600 712 2662 subinde
734 2601 834 2662 sedem
853 2609 998 2661 mutantes
1020 2601 1138 2679 capiati.

123 2686 199 2746 unde
226 2686 397 2747 ulteriorem
418 2705 580 2747 mensuram
603 2686 800 2746 inhabitabilis
821 2687 929 2766 plagae,
946 2685 1036 2745 multo
1064 2702 1133 2746 esse

88 2772 260 2831 aomaiorem
277 2770 413 2831 arbitron.
458 2790 522 2832 nam
540 2780 569 2832 et
588 2768 769 2831 aCermania
784 2770 929 2832 inmensas
950 2769 1059 2830 insulas
1075 2787 1133 2829 non

122 2855 234 2933 pridem
254 2864 412 2934 conpertas
430 2858 575 2934 cognitum
594 2855 698 2915 habeo.
735 2853 781 2915 De
799 2855 980 2933 longitudine
995 2872 1029 2914 ac
1045 2854 1107 2912 lati·
1123 2858 1176 2911 247

123 2939 220 2998 tudine
243 2939 316 2999 haec
341 2948 407 3000 sunt
429 2958 503 3017 quae
525 2939 611 3018 digna
633 2947 792 3000 memoratu
813 2948 920 3019 putem.
966 2939 1134 2998 uniuersum

124 3029 220 3081 autem
244 3022 319 3083 hunc
338 3024 487 3084 circuitum
510 3022 723 3084 Eratosthenes
748 3023 778 3082 in
804 3024 928 3083 omnium
953 3021 1068 3098 quidem
1089 3020 1134 3080 lit-

124 3113 249 3164 terarum
273 3107 434 3168 subtilitate
455 3117 486 3168 et
508 3109 537 3167 in
552 3107 606 3167 hac
620 3108 721 3184 utique
741 3115 861 3185 praeter
878 3113 997 3166 ceteros
1014 3103 1133 3183 sollers,
1187 3112 1191 3118 '

89 3205 209 3266 aequem
232 3193 343 3250 cunctis
365 3192 483 3269 probari
504 3190 607 3267 video,
636 3189 737 3250 CCLll
757 3189 787 3249 ll
808 3189 966 3250 stadiorum
995 3187 1134 3269 prodidit,

124 3291 198 3350 quae
212 3292 347 3334 mensura
362 3273 492 3335 Romana
508 3277 716 3353 conputatione
734 3274 825 3334 elhcit
842 3274 1021 3333 trecentiens
1054 3274 1136 3350 quin·

123 3358 243 3418 deciens
270 3367 394 3419 centena
419 3359 497 3421 milia
518 3376 615 3437 pass,
643 3357 798 3437 inprobum
824 3375 941 3434 ausum,
969 3374 1070 3415 verum
1096 3360 1135 3419 ita

123 3443 223 3502 subtili
242 3444 490 3520 argumentatione
507 3441 741 3521 conprehensum
757 3449 787 3501 ut
806 3440 913 3521 pudeat
936 3458 995 3501 non
1011 3443 1135 3503 credere
