2400 3856
58 222 64 234 ·
114 191 179 254 248
463 203 495 253 c.
518 207 612 252 rnrnr
635 205 782 253 sucus-nr

117 360 275 435 Barasasa,
300 368 331 419 et
352 358 507 436 Lechieui,
530 362 659 436 Sygaros
681 359 772 418 insula
793 378 876 438 quam
901 378 987 420 canes
1010 378 1069 420 non
1084 364 1126 419 in-

66 450 117 501 156
130 451 204 501 trant
225 445 412 521 expositique
433 445 509 502 circo
531 443 616 503 litora
633 443 757 502 errando
775 445 944 503 moriuntur.
980 446 1067 502 Sinus
1089 448 1126 503 in·

118 528 201 584 timus
218 528 247 585 iu
265 545 322 604 quo
338 525 510 600 Laeanitae,
531 529 578 604 qui
602 544 706 586 romeu
728 529 755 585 ei
778 527 895 587 dedere.
927 529 1009 603 regia
1028 544 1126 585 eorum

118 609 198 685 Agra
217 619 246 669 et
267 615 296 669 in
314 612 378 668 sinu
394 609 508 669 Laeana
527 610 594 685 vel,
619 619 649 667 ut
664 610 729 686 alii,
750 610 871 669 Aelana.
902 629 966 669 narn
989 618 1019 670 et
1036 612 1126 687 ipsum

119 696 210 752 sinum
238 696 329 753 nostri
358 693 568 769 Aelaniticum,
595 693 798 754 Artemidorus
819 694 1032 767 Alaeniticum,
1057 693 1157 753 Iubas

117 776 304 837 Laeniticum.
341 775 484 837 Circuitus
505 777 632 837 Arabiae
658 796 674 837 a
697 776 826 836 Charace
846 777 960 837 Laeana
982 777 1125 855 colligere

118 862 250 938 proditur
275 864 385 943 p'ffi‘rrp
408 860 487 920 LXV
512 861 557 935 ll,
585 860 655 920 luha
681 861 767 938 paulo
789 863 880 920 minus
902 863 964 943 iffi
986 859 1016 919 Μ
1038 869 1126 938 putat.

118 945 256 1004 latissima
279 954 358 1004 esta
381 948 583 1022 septentrione
605 946 682 1004 inter
704 945 810 1022 oppida
832 943 979 1004 Herceum
1002 952 1033 1004 et
1057 941 1127 1003 Chn-

69 1036 118 1087 157
130 1047 226 1088 sacen.
253 1027 324 1087 Nam
341 1037 370 1088 et
385 1028 496 1104 reliqua
508 1028 718 1088 mediterranea
729 1031 791 1088 eius
808 1028 946 1087 dicantur.
971 1026 1126 1087 Nabataeis

119 1111 291 1171 Timenaeos
311 1114 465 1170 iunxerant
488 1119 615 1171 veteres.
654 1130 729 1171 nunc
749 1121 815 1171 sunt
837 1111 963 1186 Taueni,
985 1110 1126 1185 Suelleni,
1139 1124 1162 1165 ao

118 1194 264 1269 Araceni,
290 1193 445 1272 Auageni,
471 1195 607 1272 oppidum
632 1197 662 1254 in
682 1214 739 1273 quo
762 1197 854 1254 omnis
877 1197 1041 1271 negotiatio
1065 1197 1127 1253 eius

119 1279 266 1339 convenit.
306 1277 482 1353 Hemnatae,
514 1278 665 1353 Aualitae,
700 1279 805 1357 oppida
830 1278 969 1354 Domata,
1000 1277 1126 1354 llaegra.

119 1360 290 1437 Tamudaei,
314 1362 449 1439 oppidum
467 1362 643 1439 Baclanaza,
672 1360 795 1439 Cariati,
816 1361 963 1438 Acitoali,
992 1362 1128 1440 oppidum

118 1444 232 1521 Phoda,
254 1463 287 1505 ae
303 1443 408 1505 llinaei
431 1464 447 1505 a
469 1465 542 1523 rege
560 1444 665 1506 Cretae
680 1445 795 1521 lllinoe,
817 1455 848 1505 ut
864 1447 1046 1522 existimant,
1071 1447 1129 1505 ori·

117 1530 214 1606 ginem
236 1531 402 1603 trahentes,
427 1547 547 1607 quorum
570 1528 695 1589 Carmei.
732 1531 868 1608 oppidum
885 1527 968 1588 Xllll
988 1529 1048 1588 mil.
1065 1541 1164 1606 pas-u

118 1632 199 1672 suum
219 1611 366 1688 lllaribba,
387 1612 574 1672 Palmalacum
591 1622 621 1673 et
641 1616 734 1691 ipsum
750 1632 807 1673 uon
825 1612 1037 1691 spernendum,
1061 1614 1128 1671 item

67 1701 119 1754 158
128 1695 238 1756 Canon.
268 1695 441 1756 Rhadamaei
462 1697 629 1774 (ethorum
651 1700 736 1774 origo
751 1696 982 1757 Rhadamanthus
1001 1705 1128 1774 putatur,

118 1781 210 1839 irater
225 1779 360 1857 lllinois),
383 1779 550 1839 Homeritae
565 1779 674 1840 lllesala
691 1780 816 1858 oppido,
837 1779 1001 1855 llamiroei,
1022 1779 1127 1840 Gedra-

118 1867 212 1939 nitae,
235 1862 376 1940 Phryaei,
403 1863 574 1940 Lysanitae,
602 1864 788 1939 Bachylitae,
813 1863 960 1938 Samuaei,
985 1862 1127 1923 Amaitaei

121 1947 236 2025 oppidis
258 1945 352 2006 Nessa
374 1955 404 2006 et
427 1945 642 2024 Chennesseri,
669 1946 819 2007 Zamareni
847 1947 963 2025 oppidis
987 1947 1164 2024 Sagiatta,ao

120 2028 285 2105 Canthace,
309 2030 509 2105 Bacaschami,
530 2030 704 2108 Riphearma
729 2031 881 2109 oppidum,
904 2048 961 2108 quo
984 2028 1128 2090 vocabulo

117 2113 258 2172 hordeum
280 2114 443 2190 appellant,
471 2112 594 2190 Autaei,
621 2113 758 2190 Ethraui,
785 2113 872 2190 Cyrei
893 2113 1052 2172 Elmataeis
1078 2129 1127 2191 up·

118 2196 205 2274 pido,
227 2194 361 2270 Chodac,
382 2195 514 2255 Aiathuri
537 2199 565 2255 in
591 2198 736 2256 montibus
757 2198 864 2276 oppido
881 2196 964 2257 XXV
985 2198 1045 2257 mil.
1063 2215 1125 2276 pas·

120 2299 218 2355 suum,
235 2280 262 2337 iu
281 2296 338 2356 quo
358 2281 424 2338 lons
440 2280 676 2354 Aenuscabales,
692 2281 768 2358 quod
782 2282 925 2358 significat
944 2280 1126 2340 camelorum.

68 2369 119 2421 159
131 2364 266 2441 oppidum
280 2363 470 2442 Ampelome,
491 2364 607 2424 colonia
621 2364 816 2440 Milesiorum,
838 2364 958 2423 Athrida
980 2365 1127 2442 oppidum,
1139 2376 1162 2419 se

121 2446 263 2524 Calingii,
280 2465 401 2524 quorum
415 2447 524 2507 Mariba
542 2449 675 2527 oppidum
692 2450 835 2525 significat
847 2449 977 2508 dominos
993 2451 1127 2517 omnium,

120 2531 226 2609 oppida
242 2531 361 2606 Pallon,
377 2530 566 2591 Murannimal
581 2535 659 2590 iuxta
676 2531 780 2591 llumen
796 2549 850 2610 per
866 2531 943 2610 quod
960 2530 1129 2609 Euphraten

120 2634 274 2690 emergere
291 2621 406 2691 putant,
420 2623 526 2691 gentes
538 2616 647 2692 Agraei
665 2623 694 2674 et
706 2615 867 2692 Ammonii,
886 2614 1023 2692 oppidum
1040 2615 1129 2674 Athe·

119 2717 189 2772 nae,
207 2696 384 2773 Cauuaravi,
402 2698 477 2776 quod
497 2700 639 2774 signiticat
657 2698 815 2758 ditissimos
836 2708 984 2774 armento,
1005 2696 1129 2758 Chorra·

118 2783 216 2856 nitae,
232 2777 355 2855 Cesaui,
371 2779 492 2841 Choani.
526 2783 642 2841 luerunt
665 2791 695 2841 et
713 2781 823 2842 Graeca
844 2782 949 2860 oppida
970 2782 1163 2855 Arethusae

68 2867 119 2919 160
129 2865 244 2939 Larisa,
264 2861 396 2941 Chalcis,
417 2864 513 2924 deleta
529 2866 733 2937 variis0bellis.
767 2867 895 2926 Romana
912 2883 988 2924 arma
1004 2865 1086 2924 solus
1103 2866 1128 2923 in

121 2968 182 3009 eam
205 2958 310 3007 terram
333 2948 424 3007 adhuc
443 2949 538 3008 intulit
555 2949 656 3009 Aelius
680 2949 777 3009 Gallus
797 2969 835 3010 ex
862 2949 992 3026 equestri
1017 2950 1127 3008 ordine.

120 3052 184 3092 nam
211 3028 243 3092 C.
271 3029 379 3091 Caesar
410 3033 533 3109 Augusti
561 3034 635 3092 hlius
662 3035 815 3111 prospexit
847 3042 954 3092 tautum
980 3032 1128 3091 Arabiam.

122 3116 219 3176 Gallus
233 3116 338 3194 oppida
353 3116 439 3176 diruit
453 3135 510 3175 uon
523 3120 665 3176 nominata
678 3116 843 3176 auctoribus
859 3118 905 3194 qui
922 3124 989 3174 ante
1004 3119 1129 3194 scripse·

77 3209 204 3276 norunt,
226 3199 405 3278 Negrauam,
428 3200 562 3275 Nestum,
584 3200 726 3278 Nescam,
747 3199 914 3278 llasugum,
937 3197 1163 3271 Caminacumat

120 3284 288 3357 Labeciam,
307 3292 337 3342 et
352 3303 438 3362 supra
454 3286 556 3344 dictam
567 3283 704 3344 blaribam
720 3287 841 3344 circuitu
853 3282 894 3341 Vl
906 3282 963 3341 mil.
983 3301 1130 3360 passuum,

70 3369 199 3429 totitem
224 3365 403 3443 Caripetam,
428 3387 484 3446 quo
507 3369 676 3444 longissime
700 3369 855 3445 processit.
901 3364 1008 3425 Cetera
1030 3368 1131 3445 explo-

120 3460 182 3510 rata
204 3450 319 3510 retulit:
343 3451 486 3511 Nomadas
511 3451 587 3509 lacte
608 3459 638 3510 et
656 3452 752 3510 derina
774 3469 859 3511 carne
877 3451 974 3527 vesci,
998 3449 1130 3527 reliquos
