2400 3856
364 480 400 558 u.
429 473 576 556 Phllll
606 471 836 558 SllssllllDl

159 618 1006 721 unruunnrrnrurunrnu
1102 568 1105 574 ’

303 834 310 851 ··
438 805 759 873 L'IBERIIII.

520 961 687 972 ——-—.-

159 1044 254 1125 (Seut.
272 1045 314 1124 1.)
347 1043 463 1106 Tertius
484 1042 622 1123 Europae
647 1046 726 1105 sinus
753 1041 978 1105 Acrocerauniis
1004 1041 1138 1121 incipitl

94 1130 258 1205 montibus,
280 1129 377 1188 fluitur
395 1127 607 1205 Hellesponto,
634 1126 817 1207 amplectitur
839 1135 959 1205 praeter
977 1127 1107 1186 minores

96 1214 195 1272 sinuas
211 1211 323 1273 XVIIII
337 1220 460 1272 centena
481 1209 563 1271 XXV
580 1211 657 1271 milia
681 1228 823 1289 passuum.
870 1210 904 1270 In
925 1228 962 1271 eo
986 1208 1108 1288 Epiros,

97 1294 269 1376 Acarnania,
284 1294 414 1370 Aetolia,
431 1293 548 1375 Phocis,
565 1292 680 1370 Locris,
695 1293 819 1370 Achaia,
837 1291 1002 1370 MessenIa,
1017 1293 1107 1354 Laco·

65 1381 175 1454 sulca,
197 1377 336 1455 Argolis,
356 1376 502 1462 Megaris,
521 1377 638 1456 Attice,
656 1376 795 1452 Boeotia,
817 1377 980 1455 iterumque
996 1377 1032 1436 ah
1047 1376 1106 1437 alio
1175 1412 1178 1419 ,

95 1464 166 1521 mari
189 1461 290 1522 eadem
309 1461 417 1522 Phocis
438 1469 469 1522 et
491 1460 609 1539 Locris,
630 1460 735 1539 Doris,
757 1460 917 1534 Phthiotis,
944 1458 1106 1535 Thessalia,

95 1544 262 1624 Magnesia,
283 1544 471 1622 Macedonia,
496 1543 627 1605 ThracIa.
658 1542 756 1604 Omnis
774 1541 914 1603 Graeciae
935 1542 1107 1602 iahulositas

97 1631 172 1689 sicut
196 1637 226 1690 et
247 1629 407 1690 litterarum
423 1628 539 1688 claritas
555 1647 595 1688 ex
608 1627 664 1687 hoc
680 1631 801 1706 primum
818 1629 881 1686 siun
897 1626 1022 1702 effulsit,
1040 1643 1107 1704 qua·

96 1722 221 1791 proptor
236 1712 380 1791 paululum
396 1714 425 1771 in
444 1729 481 1773 eo
497 1712 736 1773 commorabimur.
770 1709 878 1790 Epiros
899 1712 928 1770 in
943 1710 1108 1770 universum
1125 1718 1143 1767 2

58 1812 84 1855 ro
97 1795 244 1875 appellata
264 1813 279 1854 a
301 1792 452 1871 Gemoniis
473 1797 575 1875 incipit
597 1796 754 1855 montibus.
794 1797 823 1853 in
844 1811 879 1853 ea
908 1793 991 1873 primi
1015 1790 1108 1852 Chao-

97 1876 748 2042 lestuthiellutilitati
762 1876 1108 2022 tttlld'mlttt

97 2062 218 2124 quorum
232 2064 314 2108 mons
332 2046 450 2124 Pindus,
467 2045 655 2126 Cassiopaei,
671 2046 818 2124 Dryopes,
837 2004 956 2123 Sello'e,
975 2044 1106 2123 Pilopes,
1174 2061 1176 2065 ’

95 2128 218 2190 Molossi
234 2131 309 2211 apud
325 2148 398 2210 quos
411 2128 564 2193 Dodonaei
579 2131 658 2193 lovis
678 2129 814 2208 ternplum
831 2129 950 2189 oraculo
971 2128 1106 2205 inlustre,
1196 2153 1198 2158 ·

26 2285 27 2288 Ἴ
58 2230 84 2270 15
97 2211 219 2355 putaras
230 2232 312 2275 mous
324 2222 439 2275 centurn
454 2216 585 2276 lontibus
600 2216 677 2275 circa
693 2214 807 2274 radices
821 2211 1013 2292 Theopompo
1029 2210 1107 2273 cele·

79 2332 81 2337 ,
118 2303 207 2357 ratus.

159 2376 229 2458 Gap.
247 2377 275 2441 1.
300 2378 409 2458 EpIros
431 2380 497 2458 ipsa
513 2381 549 2441 ad
570 2378 747 2457 Magnesiam
768 2377 1024 2457 Macedoniamque
1046 2385 1108 2437 ten·
1126 2388 1143 2440 3

96 2459 169 2523 dens
189 2479 206 2522 a
224 2471 311 2541 tergo
329 2479 382 2522 suo
398 2461 571 2524 Dassaretas
592 2480 679 2541 supra
700 2461 810 2538 dictos,
833 2461 954 2521 liberam
975 2468 1105 2538 gentem,
1115 2463 1153 2538 ᾖ,

96 2563 165 2605 mor
183 2547 274 2606 ieram
295 2544 447 2606 Dardanos
468 2546 564 2607 habet.
606 2544 747 2606 Dardanis
770 2545 856 2605 laevo
881 2544 1002 2606 Triballi
1023 2561 1107 2623 prae·
1166 2568 1168 2573 ·

58 2648 84 2686 ao
98 2629 252 2690 tenduntur
266 2629 360 2691 latere
376 2639 407 2690 et
421 2628 570 2691 Moesicae
586 2637 700 2706 gentes.
722 2647 737 2689 a
752 2629 850 2690 fronte
863 2630 1019 2707 iunguntur
1029 2625 1106 2688 Medi

97 2731 132 2774 ac
145 2711 342 2789 Denseletae,
357 2714 462 2792 quihus
477 2712 607 2775 Threces
623 2713 658 2773 ad
673 2711 794 2773 Pontum
804 2730 897 2791 usque
912 2715 1105 2792 pertinentes.

96 2798 136 2856 ita
151 2799 297 2858 succincta
310 2796 472 2877 Rhodopes
487 2815 556 2857 mox
570 2805 601 2858 et
614 2794 714 2858 llaemi
731 2795 855 2857 vallatur
869 2797 1037 2858 excelsitas.
1074 2792 1107 2854 lu
1123 2805 1142 2855 a

97 2877 179 2956 Epiri
195 2897 247 2945 ora
260 2881 412 2942 castellum
427 2883 456 2941 in
469 2879 696 2941 Acrocerauniis
712 2876 861 2957 Chimera,
877 2880 931 2940 sulr
951 2897 987 2940 eo
1003 2877 1106 2956 Aquae

97 2963 198 3039 regiae
215 2963 291 3026 lons.
322 2964 429 3044 oppida
444 2962 626 3042 Maeandria,
642 2961 773 3039 Cestria,
789 2962 894 3024 humen
911 2961 1106 3040 Thesprotiae

57 3063 84 3106 as
98 3044 249 3123 Thyamis,
278 3047 394 3109 colonia
420 3047 605 3126 Buthrotum,
629 3050 812 3126 maximeque
841 3046 1011 3107 nobilitatus
1038 3043 1106 3104 Aru·

97 3129 211 3190 bracios
229 3131 327 3206 sinus,
349 3130 375 3191 D
392 3148 468 3210 pass.
485 3130 617 3192 faucibus
637 3133 797 3210 spatIosum
820 3147 933 3207 aequor
947 3130 1106 3207 accipiens,

96 3212 285 3291 longitudinis
304 3212 443 3275 XXXVII
458 3213 487 3275 ll
502 3232 600 3294 pass,
615 3214 774 3275 latitudinis
789 3211 845 3273 XV
859 3211 897 3274 M.
928 3211 962 3273 Iu
978 3230 1043 3273 eum
1057 3211 1106 3274 dc·

95 3297 189 3358 iertrn
217 3300 307 3358 aronis
331 3298 470 3360 Acheron
497 3318 515 3359 e
541 3297 606 3360 lacu
632 3296 826 3377 Thesprotiae
847 3296 1009 3359 Acherusia
1038 3312 1106 3375 pro·

70 3432 73 3437 .
97 3377 188 3442 ducas
208 3381 293 3443 XXV
311 3381 341 3442 M
361 3400 437 3463 pass.
481 3381 548 3446 inde
575 3390 606 3445 et
626 3380 706 3443 mille
726 3379 832 3462 pedum
852 3390 944 3462 ponte
966 3379 1105 3442 mirabilis
