2400 3856
318 182 399 229 mnu.
421 181 513 231 rursu.
537 182 570 228 ιι.
593 174 713 230 29-30.
737 166 877 250 (al-33.)
1042 167 1104 233 209

92 333 292 412 Neontichos,
317 333 451 394 'lemnos
484 335 515 394 in
533 351 583 394 ora
602 343 698 395 autem
715 334 834 397 Titanus
850 337 939 398 amnis
956 344 986 397 et
1001 338 1104 399 civitas

93 419 130 480 ab
146 436 182 480 eo
196 418 405 496 cognominata.
429 418 484 477 init
501 425 531 477 et
546 415 671 494 Grynia,
686 437 760 480 nunc
778 429 884 481 tantum
899 429 1017 500 portus,
1035 421 1104 482 olim

93 502 186 563 insula
210 500 401 600 adprehensa.
448 501 584 580 oppidum
610 499 718 579 Elaea,
743 512 778 563 et
800 523 839 565 err
863 504 956 581 Hysia
981 507 1103 565 veniens

94 585 197 647 Caicus
214 586 314 646 amnis
348 584 485 665 oppidum
502 584 620 661 Pitane,
637 582 763 647 Canaitis
781 589 880 649 amnis.
911 588 1092 650 lntercidere
1106 596 1157 648 lna

62 685 76 727 s
95 668 208 747 Canae,
227 668 431 745 Lysimachea,
447 668 592 746 Atarnea,
612 666 742 747 Carene,
767 668 924 748 Cisrhene,
941 669 1030 747 Cilla,
1049 670 1104 733 Co-

93 755 215 831 cylium,
242 752 363 830 Thebe,
390 751 518 829 Astyre,
544 749 675 829 Chrysa,
702 752 924 835 Palaescepsis,
953 753 1105 833 Gergitha,

93 837 257 898 Neandros.
291 854 366 897 nuno
385 845 432 898 est
452 835 623 914 Perperene
637 837 759 913 ciuitas,
775 837 968 899 Heracleotes
985 847 1105 916 tractos,

95 920 247 999 Coryphas
269 920 421 998 oppidum,
447 937 546 981 amnes
569 919 703 1001 Grylios,
725 920 834 1000 Ollius,
860 924 944 1001 regio
960 921 1105 1001 Aphrodi-

94 1006 152 1065 sias
170 1023 245 1084 quae
264 1013 349 1067 antea
367 1003 492 1065 Politice
509 1003 614 1081 Orgas.
648 1007 733 1084 regio
750 1005 890 1084 Scepsis,
907 1006 1012 1067 flumen
1029 1005 1106 1068 Eve-

55 1106 81 1147 ιο
94 1107 176 1167 num,
193 1090 274 1150 cuius
290 1090 318 1148 in
333 1089 405 1168 ripis
428 1087 605 1150 intercidere
622 1087 771 1166 Lyrnesos
793 1099 823 1150 et
837 1089 966 1153 bliletos.
1002 1088 1034 1151 ln
1049 1090 1107 1151 hoc

94 1133 187 1233 tractlr
204 1171 255 1233 lde
269 1190 369 1249 mons,
394 1173 446 1233 et
437 1191 467 1232 ιιι
487 1191 538 1233 ora
554 1191 628 1252 quae
647 1175 739 1236 sinum
754 1176 971 1252 cognominavit
993 1182 1023 1234 et
1037 1192 1106 1236 corr·

93 1264 211 1317 ventum
230 1256 437 1333 Adramytteos
470 1255 539 1315 olim
559 1256 688 1318 Pedasus
716 1259 801 1319 dicta.
841 1258 955 1319 flumina
982 1258 1105 1337 Astron,

95 1339 265 1416 Cormalos,
282 1336 420 1417 Crianos,
441 1337 631 1417 Alabastros,
654 1340 761 1404 Hieros
778 1361 817 1402 ex
837 1341 905 1420 lda,
927 1345 1005 1404 intus
1022 1361 1105 1403 mons

94 1422 222 1501 Gargara
237 1418 403 1502 eodemque*
416 1423 533 1485 nomine
549 1425 694 1503 oppidum.
724 1444 825 1487 rursus
840 1427 869 1487 in
883 1426 973 1487 litore
987 1427 1158 1490 Antan-123

56 1508 163 1568 noros
186 1506 296 1569 Edonis
321 1509 402 1586 prius
432 1515 551 1576 vocata,
578 1508 645 1569 dein
671 1506 840 1586 Cimmeris,
865 1509 976 1588 Assos,
1005 1511 1106 1570 eadem

94 1591 262 1671 Apollonia.
294 1591 348 1651 luit
369 1599 399 1652 et
419 1590 612 1651 Palamedium
630 1593 774 1671 oppidum.
806 1595 1033 1671 promunturium
1052 1592 1106 1653 he·

93 1685 170 1736 ctum
188 1676 390 1737 disterminans
405 1673 532 1737 Aeolida
557 1684 587 1737 et
601 1674 725 1739 Troada.
757 1677 810 1736 fuit
831 1686 861 1739 et
876 1677 1044 1754 Polymedia
1067 1677 1106 1737 ci-

93 1762 185 1836 vitas,
202 1756 313 1835 Chrysa
329 1768 358 1820 et
369 1758 468 1819 Larisa
485 1759 551 1819 alia.
579 1757 752 1821 Zminthium
762 1760 898 1839 templum
913 1761 1005 1821 durat.
1029 1763 1149 1823 intrant

95 1842 209 1919 Colone
234 1842 390 1903 intercidit.
419 1842 575 1921 deportant
602 1843 820 1920 Adramytteum
842 1847 960 1920 negotia
983 1844 1107 1923 Apollo·

54 1942 81 1985 ao
95 1929 191 1987 niatae
212 1945 229 1987 a
246 1925 405 2003 Rhyndaco
428 1944 528 2004 amne,
545 1925 631 1988 Eresi
640 1926 900 2006 ,Miletopolitae,
918 1927 1106 2006 Poemaneni,

93 2010 269 2073 Macedones
287 2010 466 2087 Asculacae,
486 1970 669 2089 Polichnael,
695 2011 844 2096 Pionitae,
866 2009 974 2073 Cilices
993 2011 1106 2072 blanda-

93 2095 254 2174 camdeni,
245 2114 275 2155 ιιι
288 2093 382 2170 Hysia
399 2092 556 2155 Abretteni
573 2102 604 2155 et
627 2091 823 2176 Hellespontii
845 2096 985 2176 appellati
1007 2096 1106 2158 etalii

92 2179 251 2258 ignobiles.

158 2262 240 2344 (33)
266 2263 389 2327 Troadis
411 2266 518 2344 primus
542 2265 625 2326 locus
644 2265 827 2343 Hamaxitos,
856 2265 924 2326 dein
949 2263 1160 2326 Cebrenia124

55 2349 217 2425 seipsoque
234 2346 326 2407 'l'roas
342 2347 501 2424 Antigonia
515 2347 602 2424 dicta,
621 2366 695 2409 nunc
709 2348 900 2425 Alexandria,
918 2349 1032 2409 colonia
1047 2348 1106 2409 llo·

94 2447 184 2490 mana.
216 2429 352 2508 oppidum
365 2428 441 2491 Nee.
472 2428 647 2491 Scamander
661 2432 751 2490 amnis
768 2431 939 2507 navigabilis
954 2440 984 2491 et
996 2432 1024 2490 in
1040 2449 1106 2509 pro·

94 2513 239 2573 monturin
255 2513 397 2591 quondam
411 2512 532 2591 Sigeum
546 2513 691 2592 oppidum.
715 2513 782 2574 dein
793 2522 896 2592 portus
910 2513 1106 2592 Achaeorum,

94 2594 123 2656 ih
149 2614 235 2675 quem
255 2595 350 2656 induit
366 2595 498 2658 Xanthus
519 2595 660 2658 Simoenti
678 2597 791 2658 iunctus
813 2605 1003 2676 stagnumque
1025 2599 1105 2677 prius

94 2681 205 2741 faciens
226 2677 491 2743 Palaescamander.
527 2682 621 2741 ceteri
642 2678 771 2742 Homero
795 2681 954 2760 celebrati,
979 2681 1105 2759 Rhesus,

56 2778 83 2820 ao
96 2763 300 2844 Heptaporus,
317 2761 461 2842 Caresus,
476 2763 624 2841 Rhodius,
641 2766 766 2842 vestigia
782 2782 840 2826 non
855 2765 972 2827 habent.
1008 2764 1107 2827 Grani·

96 2867 147 2909 cus
176 2849 294 2910 diverso
315 2857 408 2910 tractu
429 2849 459 2909 in
479 2848 659 2929 Propontida
679 2847 756 2926 iluit,
780 2857 826 2911 est
852 2858 947 2913 tamen
970 2859 1000 2911 et
1021 2868 1105 2913 nunc.
1137 2842 1142 2856 ‘

96 2932 280 2994 Scamandria
302 2934 404 2993 civitas
425 2949 532 3011 parva,
556 2950 590 2993 ac
609 2931 708 2994 HHD
729 2951 806 3012 pass.
825 2943 967 2996 remotum
989 2941 1107 3012 aportu

95 3014 179 3075 Ilium
194 3017 326 3094 inmune,
340 3016 416 3077 unde
434 3017 526 3076 omnis
543 3034 642 3077 rerum
654 3017 781 3079 claritas.
813 3017 904 3078 Extra
920 3019 1012 3077 sinum
1031 3024 1158 3078 sunt125

96 3098 230 3159 Rhoetea
249 3100 336 3161 litora
351 3099 489 3161 Rhoeteo
508 3108 539 3162 et
557 3099 702 3163 Dardanio
717 3110 748 3161 et
767 3101 877 3162 Arisbe
896 3101 1010 3180 oppidis
1029 3101 1107 3161 habi-

57 3198 83 3240 ae
97 3191 165 3243 tata.
199 3183 253 3243 luit
275 3192 305 3245 et
321 3182 477 3245 Achilleon
499 3185 634 3264 oppidum
653 3187 733 3247 iuxta
751 3184 886 3245 tumulum
901 3184 1025 3263 Achillis
1039 3202 1107 3246 con·
1137 3252 1140 3256 ,

96 3268 184 3327 ditum
204 3285 220 3327 a
242 3266 429 3345 Mytilenaeis
451 3276 481 3330 et
507 3287 577 3330 mox
596 3268 826 3332 Atheniensibus
846 3266 896 3329 ubi
919 3268 1021 3330 classis
1043 3271 1106 3330 eius

97 3359 219 3412 steterat
240 3353 270 3412 in
288 3351 390 3430 Sigeo.
425 3353 480 3412 fuit
504 3361 535 3414 ct
560 3352 705 3416 Aeantion
729 3371 745 3414 a
768 3351 890 3413 Rhodiis
912 3353 1056 3414 conditum
1077 3354 1107 3414 in

96 3434 191 3497 altero
208 3455 316 3515 cornu,
337 3435 429 3498 Aiace
450 3438 491 3499 ibi
512 3437 648 3518 sepulto,
668 3436 752 3499 XXX
772 3436 929 3500 stadiorum
950 3436 1107 3498 intervallo

163 3551 242 3590 ratur
260 3552 322 3590 nar.
340 3553 413 3590 arar.
431 3539 456 3592 Ι.
864 3519 904 3582 14
