2400 3856
146 148 209 212 206
498 158 528 207 o.
551 158 647 205 emur
670 157 820 207 saeuum

147 316 245 376 radice
272 315 378 374 montis
405 312 542 391 Signiae,
569 312 740 372 circumfusa
761 310 894 390 Marsya,
921 310 1054 387 Obrima,
1083 315 1163 377 Orba

147 398 308 459 fluminibus
331 399 360 457 in
385 396 570 458 Maeandrum
592 395 771 457 cadentibus.
811 394 941 473 Marsyas
966 396 1006 457 ibi
1028 400 1168 462 redditur·

147 492 228 543 ortus
245 501 278 542 ac
294 481 381 561 paulo
395 498 463 541 mox
478 480 622 557 conditus,
640 481 688 539 ubi
704 480 828 541 cermvit
847 479 981 540 tibiarum
997 491 1084 543 cantu
1097 503 1163 545 oum

145 566 301 645 Apolline,
316 565 486 626 Aulocrene
501 565 558 625 sita
574 572 695 624 uocatur
709 564 851 624 convallis
866 564 967 624 decem
982 563 1012 624 M
1023 584 1163 645 passuum

145 650 181 710 ab
204 651 332 728 Apamea
352 649 506 726 Phrygiam
532 649 710 727 petentibus.
748 666 786 708 ex
806 647 863 709 hoo
889 657 1035 709 conventu
1056 650 1162 713 deceat
1180 664 1193 705 ⁵

144 737 293 796 nominare
314 733 536 812 Metropolitas,
562 731 822 812 Dionysopolitas,
844 730 1080 813 Euphorbenos,
1103 734 1161 796 Ac-

144 837 322 896 moneuses,
355 817 512 893 Peltenos,
551 815 706 876 Silbianos.
752 817 857 894 reliqui
887 817 1035 894 ignobiles
1066 818 1159 881 v1111.

98 900 144 954 ¹⁰7
155 903 272 963 Doridis
289 904 318 963 in
333 903 397 963 sinu
415 900 610 980 Leucopolis,
624 899 811 976 Hamaxitos,
830 898 940 977 Eleus,
956 899 1064 962 Etene.
1091 904 1160 965 dein

146 984 251 1048 Cariae
276 987 382 1066 oppida
402 986 537 1059 Pitaium,
564 982 695 1061 Eutane,
721 982 935 1045 Halicarnasus.
975 1002 1031 1045 sex
1051 988 1160 1066 oppida

144 1071 310 1131 contributa
332 1071 360 1129 ei
388 1077 454 1129 sunt
481 1067 621 1144 aMagno
648 1067 834 1144 Alexandro,
861 1066 1046 1148 Theangela,
1076 1070 1158 1150 Side,
1171 1087 1194 1127 ro

143 1152 322 1228 Medmassa,
342 1151 496 1227 Uranium,
522 1150 680 1228 Pedasum,
708 1150 874 1213 Telmisum.
909 1151 1057 1214 habitatur
1081 1155 1160 1218 inter

144 1237 216 1297 duos
232 1239 349 1312 sinuus,
373 1234 552 1297 ceramicum
574 1243 604 1296 et
619 1235 734 1296 Iasium.
770 1237 837 1296 inde
852 1234 976 1313 Myndos
988 1244 1019 1297 et
1035 1239 1086 1298 ubi
1104 1239 1159 1300 iuit

144 1319 364 1396 Palaemyndus,
376 1318 550 1397 Nariandos,
561 1317 716 1398 Neapolis,
730 1317 890 1397 Caryanda,
899 1318 1038 1381 Termera
1051 1321 1158 1402 libera,

94 1413 143 1465 108
152 1404 288 1482 Bargylia
310 1413 340 1464 et
359 1408 391 1480 (a
415 1422 472 1482 quo
494 1406 573 1465 sinus
594 1403 702 1484 larius)
725 1404 863 1483 oppidum
883 1403 974 1465 lasus.
1012 1402 1099 1467 Caria
1116 1409 1158 1469 in·

144 1489 282 1548 teriorum
304 1489 448 1548 nominum
474 1489 549 1549 lama
568 1488 724 1567 praenitet.
765 1490 874 1567 quippe
897 1487 937 1547 ibi
958 1498 1025 1549 sunt
1049 1493 1158 1570 oppida
1171 1505 1195 1546 15

142 1570 255 1648 Mylasa
271 1572 381 1650 libera,
403 1572 558 1633 Antiochia
579 1571 627 1631 ubi
647 1572 731 1632 luero
749 1570 952 1646 Symmaethos
974 1581 1004 1633 et
1025 1571 1158 1636 Cranaos

143 1657 258 1734 oppida.
300 1675 375 1717 nunc
397 1674 460 1716 eam
483 1656 682 1716 circumfluunt
702 1654 858 1717 Maeander
884 1664 915 1716 et
940 1654 1072 1718 Orsinus.
1104 1660 1159 1720 init

142 1742 172 1799 in
196 1757 232 1800 eo
257 1749 350 1801 tractu
375 1748 405 1800 et
420 1738 668 1818 Maeandropolis.
706 1748 752 1800 est
767 1738 907 1799 Eumenia
922 1738 1030 1801 Gludro
1048 1741 1157 1804 ilumini

142 1824 293 1904 adposita,
310 1822 433 1885 Glaucus
449 1826 554 1901 amnis,
571 1823 674 1899 Lysias
690 1824 827 1902 oppidum
843 1832 873 1884 et
891 1821 1043 1901 Orthosia,
1066 1827 1156 1889 Berc-

142 1908 274 1985 cynthius
291 1917 416 1986 tractus,
436 1906 533 1985 Nysa,
550 1907 673 1983 Trallis,
691 1908 792 1968 eadem
808 1906 950 1969 Euanthia
973 1917 1004 1969 et
1019 1908 1192 1973 Seleuciam

142 2001 172 2052 et
188 1993 343 2053 Antiochia
361 1992 446 2054 dicta.
480 1993 605 2052 adluitur
619 1991 741 2052 Eudone
761 2010 859 2068 amne,
882 1992 1065 2070 perfunditur
1081 1994 1155 2059 The·

90 2075 242 2136 109baite.
278 2076 392 2155 quidam
415 2077 454 2135 ibi
475 2076 639 2152 Pygmaeos
663 2075 811 2136 habitasse
837 2074 959 2137 tradunt.
999 2088 1157 2156 praeterea

141 2167 208 2217 sunt
230 2158 405 2236 Thydonos,
426 2158 553 2235 Pyrrha,
570 2158 713 2237 Eurome,
734 2159 893 2237 Heraclea,
915 2159 1067 2237 Amyaon,
1088 2163 1156 2225 Ala·

140 2242 234 2303 banda
247 2243 341 2302 libera
357 2260 431 2320 quae
448 2251 622 2303 conventum
645 2261 709 2303 eum
724 2244 956 2321 cognominavit,
971 2244 1156 2309 Stratonicea

140 2327 253 2405 libera,
276 2326 424 2404 Hynidos,
456 2324 611 2404 Ceramus,
638 2325 807 2404 Troezene,
834 2327 999 2388 Phorontis.
1041 2329 1189 2409 longin-rs

141 2413 260 2489 quiores
274 2412 378 2472 eodem
391 2412 457 2472 ioro
472 2411 635 2490 disceptant
648 2410 887 2486 Orthronienses,
901 2411 1084 2492 Alidienses,
1099 2415 1155 2476 Eu·

139 2494 267 2574 hippini,
294 2494 447 2573 Xystiani,
474 2495 691 2571 Hydissensos,
716 2495 940 2574 Apolloniatae,
965 2496 1155 2580 Trapezopo-

139 2578 227 2656 litae,
254 2579 506 2657 Aphrodisienses
532 2578 626 2639 liberi.
670 2578 789 2640 Praeter
810 2578 883 2638 haec
905 2589 970 2639 sunt
998 2577 1155 2659 Coscinus,

68 2726 72 2731 ,
138 2660 267 2740 Harpasa
283 2663 417 2739 adposita
434 2662 522 2722 liuvio
541 2662 693 2741 Harpaso,
712 2681 769 2741 quo
786 2671 817 2723 et
830 2661 992 2741 Tralliccn,
1009 2682 1075 2725 cum
1090 2668 1154 2745 luit,

138 2744 317 2806 adluebatur.
1166 2766 1188 2807 ao

89 2838 137 2890 110
214 2828 299 2907 (30.)
325 2828 416 2903 lydia
442 2839 538 2889 autem
568 2831 687 2910 perlusa
716 2830 858 2892 flexuosis
887 2830 1034 2893 Maeandri
1063 2840 1154 2895 amnis

139 2914 307 2975 recursibus
324 2932 415 2992 super
430 2913 539 2975 loniam
555 2916 706 2995 procedit,
725 2914 873 2991 Phrygiae
895 2916 931 2975 ab
953 2926 1059 2977 exortu
1082 2921 1154 2980 solis

138 3000 248 3075 vicina,
277 2999 311 3059 ad
336 3000 569 3076 septentrionem
590 2998 721 3076 Mysiae,
747 2999 904 3060 meridiana
929 3009 1013 3078 parte
1040 2999 1154 3063 Cariam

139 3082 336 3160 amplectens,
363 3082 499 3143 Maeonia
525 3093 609 3145 antea
631 3083 785 3162 appellata.
832 3082 1000 3143 celebratur
1028 3090 1153 3147 maxime

140 3164 278 3226 Sardibus
294 3169 323 3227 in
339 3167 433 3228 latere
447 3167 541 3229 Tmoli
556 3170 678 3246 montis,
701 3169 748 3246 qui
774 3176 856 3226 antea
871 3166 1000 3226 Timolus
1023 3171 1154 3249 appella·
1166 3184 1189 3226 aa

138 3250 239 3328 batur,
259 3251 392 3312 conditis.
427 3272 465 3312 err
483 3271 540 3330 quo
558 3252 720 3329 proiluente
736 3251 857 3311 Pactolo
881 3249 1044 3330 eodemque
1061 3252 1153 3332 Chry·

139 3335 262 3395 sorrhoa
278 3354 311 3396 ac
326 3337 409 3397 fonte
425 3337 511 3396 Tarni
526 3355 542 3395 a
564 3334 704 3394 Maeoniis
721 3336 823 3394 civitas
839 3336 903 3413 ipsa
921 3333 1003 3411 Hyde
1025 3340 1154 3399 vocitata

87 3424 194 3476 illest
214 3419 292 3479 clara
312 3429 416 3498 stagno
439 3419 568 3496 Gygaeo.
605 3417 743 3479 Sardiana
764 3437 839 3480 nunc
862 3418 1027 3496 appellatur
1051 3441 1086 3482 ea
1113 3426 1154 3484 iu·
