2400 3856
107 144 166 205 102
483 154 513 201 e.
532 155 627 201 annm
644 153 794 200 saeuum

107 312 203 371 sidere
229 327 296 387 pars
321 317 381 368 tota
403 325 530 384 vergens
552 309 581 366 in
600 305 734 384 Caspium
755 324 833 366 mare
854 310 1043 385 pernavigata
1064 319 1110 370 est

104 393 296 454 Macedonum
319 393 404 451 armis
432 391 559 450 Seleuco
583 399 669 469 atque
685 390 829 449 Antiocho
850 392 1038 467 regnantibus
1061 395 1110 472 qui

63 487 152 546 168et
169 476 324 536 Seleucida
348 484 377 533 et
398 474 570 534 Antiochida
591 473 626 533 ab
648 475 720 552 ipsis
744 473 886 552 appellari
905 475 1037 535 volnere,
1078 492 1106 542 et

105 565 183 623 circa
195 557 331 636 Caspium
342 558 429 618 multa
445 559 548 618 oceani
563 558 648 617 litora
660 557 811 636 explorata
827 574 976 636 parvoque
990 557 1109 620 brevius

105 663 188 727 quam
200 650 276 702 totos
288 643 354 701 hino
366 651 413 701 aut
424 642 503 700 illinc
513 642 672 719 septentrio
686 643 870 717 eremigatus,
889 651 920 700 ut
931 651 1026 702 tamen
1039 660 1107 702 con·
1121 666 1134 704 s

103 733 232 791 iacturae
245 726 341 785 locum
353 727 396 785 sic
411 743 527 803 quoque
543 742 600 784 non
612 724 765 801 relinquat.
790 725 895 801 ingene
911 736 1109 803 argumentum

104 812 218 893 paludis
235 808 415 884 Maeoticae,
440 811 502 868 sive
526 826 561 868 ea
577 808 652 867 illius
671 808 773 868 oceani
791 809 869 867 sinus
886 817 940 884 est,
960 818 989 868 ut
1003 811 1109 870 multos

104 898 224 957 adverto
251 894 429 967 credidisse,
455 894 517 951 sive
545 900 665 967 angusto
692 891 811 950 discreti
839 893 894 951 situ
919 897 1106 969 restagnatio.

108 981 166 1041 alio
184 979 276 1039 latere
291 975 409 1036 Gadium
424 975 460 1034 ab
479 975 583 1035 eodem
599 973 752 1035 occidente
764 992 867 1051 magna
879 993 948 1052 pars
958 977 1108 1036 meridiani

105 1068 200 1124 sinnas
212 1062 313 1123 arnbitu
321 1058 517 1118 Mauretaniae
540 1058 689 1134 navigatur
703 1057 801 1118 hodie.
834 1063 973 1119 maiorem
992 1060 1143 1137 quidemn

105 1150 167 1206 eius
183 1153 294 1222 partem
310 1150 339 1201 et
355 1142 474 1201 orientis
489 1142 629 1201 vlotoriae
651 1141 746 1217 magni
762 1140 922 1201 Alexandri
944 1143 1106 1203 lustravere

104 1247 196 1307 usque
212 1229 240 1284 in
251 1224 407 1285 Arabicum
423 1226 524 1300 sinum,
540 1226 569 1283 in
587 1242 643 1302 quo
659 1242 708 1283 res
723 1234 845 1302 gerente
859 1223 891 1284 G.
905 1223 1034 1286 Caesare
1049 1228 1106 1287 Ao-

105 1313 180 1391 gusti
197 1310 256 1369 lilio
272 1310 353 1385 signa
370 1311 483 1367 navium
502 1327 539 1368 ex
554 1307 793 1386 Hispaniensibus
808 1308 966 1386 naufragiis
977 1311 1108 1370 feruntur

62 1405 113 1459 169
125 1396 229 1472 agnita.
260 1400 289 1451 et
308 1391 408 1452 Hanno
425 1390 605 1469 Carthaginis
620 1392 747 1471 potentia
759 1391 882 1452 florente
896 1393 1108 1453 circumvectus

104 1498 120 1539 a
137 1477 262 1538 Gadibus
278 1476 313 1535 ad
330 1476 413 1535 linem
431 1476 557 1536 Arabiae
577 1477 789 1553 navigationem
807 1493 870 1535 eam
888 1477 1015 1554 prodidit
1035 1479 1142 1538 scri-15

104 1565 170 1641 pto,
195 1563 268 1620 sieut
283 1560 319 1619 ad
336 1569 436 1619 extera
454 1558 589 1637 Europae
612 1559 760 1619 noscenda
780 1561 884 1618 missus
907 1560 1013 1619 eodem
1036 1570 1107 1621 tem·

104 1664 176 1726 pore
200 1643 331 1703 himiloo.
364 1651 519 1721 qraeterea
541 1642 642 1720 Nepos
659 1640 812 1702 Cornelius
827 1652 928 1702 auctor
949 1653 994 1703 est
1009 1643 1106 1706 Eudo·

103 1748 170 1788 xum
183 1727 325 1806 quendam
341 1743 392 1786 soa
407 1735 514 1801 aetate,
533 1744 595 1785 cum
606 1725 758 1801 Lathyrum
773 1744 875 1803 regem
890 1726 1017 1803 lugeret,
1034 1728 1107 1787 Ara·

104 1812 171 1871 bico
188 1813 251 1870 sinu
271 1827 421 1888 egressum
444 1807 539 1870 Gades
555 1827 647 1889 nsque
665 1817 850 1889 pervectum,
874 1810 1023 1888 multoque
1040 1821 1107 1870 ante

105 1914 169 1955 eum
186 1892 303 1954 (laelius
318 1894 469 1972 Antipater
483 1893 593 1954 vrdIsse
609 1912 642 1953 se
661 1895 708 1971 qui
732 1894 897 1970 navigasset
915 1912 953 1952 ex
967 1892 1143 1972 Hispaniam

62 1987 113 2042 170
124 1981 152 2037 in
169 1977 354 2055 Aethiopiam
369 1979 515 2037 conmerci
532 1978 633 2053 gratia.
666 1976 746 2037 ldern
762 1974 863 2050 Nepos
881 1976 918 2037 de
934 1980 1107 2055 septentrio·

104 2062 161 2121 nali
180 2061 299 2118 circuitu
320 2060 404 2119 tradit
422 2059 526 2131 Quinto
542 2059 662 2120 Metello
695 2056 793 2117 Celeri
821 2056 921 2117 Airani
951 2060 982 2119 in
1003 2079 1106 2122 consu·

104 2144 162 2203 latu
182 2142 327 2219 collegae,
344 2142 398 2201 sed
414 2151 472 2201 tum
488 2141 598 2203 Galliae
613 2144 792 2220 proconsuli,
808 2143 895 2204 Indos
912 2161 929 2204 a
944 2161 1018 2221 rege
1034 2147 1106 2205 Sue·

99 2243 204 2301 vorum
220 2225 296 2285 dono
315 2226 414 2301 datos,
431 2227 487 2304 ,qui
509 2245 548 2287 eu
568 2226 647 2287 India
665 2228 812 2287 conmerci
830 2245 918 2289 causa
935 2229 1107 2305 navigantes

103 2309 323 2388 tempestatibus
346 2318 445 2369 essent
467 2311 496 2368 in
512 2309 691 2371 Germaniam
711 2310 834 2388 abrepti.
866 2312 916 2371 Sic
940 2313 1028 2371 maria
1052 2314 1142 2372 cir-as

105 2394 233 2453 eomiusa
249 2394 373 2472 undique
395 2393 510 2455 dividuo
535 2394 626 2473 globo
644 2403 756 2474 partem
778 2394 857 2453 orbis
872 2394 1004 2454 auferunt
1021 2395 1106 2454 nobis

103 2496 159 2549 nec
174 2477 241 2536 inde
259 2477 315 2537 huc
332 2496 388 2538 nec
403 2477 469 2539 hinc
487 2479 537 2539 illo
554 2480 656 2558 pervio
668 2487 771 2539 tractu.
807 2494 880 2554 puae
897 2479 1105 2557 contemplatio

104 2570 169 2638 apta
186 2561 368 2637 detegendae
384 2563 544 2624 mortalium
561 2564 677 2624 vanitati
697 2579 825 2639 poscere
839 2561 953 2622 videtur
969 2570 998 2622 ut
1013 2564 1106 2623 'totum

103 2642 160 2702 hoc
177 2645 314 2720 quicquid
330 2655 375 2703 est
389 2648 418 2704 in
434 2663 490 2723 quo
507 2647 627 2724 singulis
643 2645 712 2704 nihil
728 2645 797 2704 satis
813 2654 858 2727 est
873 2663 928 2705 ceu
944 2645 1105 2706 subiectum

104 2726 196 2784 oculis
212 2736 346 2802 quantum
362 2729 398 2786 sit
413 2729 572 2788 ostendam.
1116 2743 1141 2784 ³⁰

61 2815 112 2872 171
177 2806 227 2869 68.
246 2807 329 2888 (68.)
347 2809 406 2869 lam
422 2813 542 2888 primum
557 2813 586 2871 in
601 2811 717 2872 dimidio
730 2813 880 2890 conputari
894 2813 1019 2888 videtur,
1036 2822 1105 2873 tam·

103 2909 187 2971 quam
201 2892 279 2953 nulla
291 2894 386 2970 portio
402 2895 457 2971 ipsi
471 2895 621 2956 decidatur
633 2912 756 2971 oceano,
774 2896 822 2974 qui
837 2905 899 2955 toto
913 2897 1106 2957 circumdatos

101 2976 197 3036 medio
215 2986 244 3037 et
261 2978 353 3036 omnis
371 2986 486 3038 ceteras
504 2979 627 3041 lundens
648 2980 854 3058 recipiensque
870 2997 960 3057 aquas
978 2989 1008 3041 et
1023 2982 1108 3059 quio·

103 3060 169 3137 quid
192 3061 251 3120 exit
266 3062 294 3120 in
311 3060 413 3136 nubes,
437 3079 472 3122 ao
488 3063 584 3124 sidera
600 3066 665 3142 ipsa
685 3073 728 3124 tot
743 3071 772 3122 et
788 3072 883 3123 tantae
901 3065 1105 3141 magnitudinis

103 3161 239 3221 pascens,
254 3163 310 3223 quo
322 3145 638 3225 tandemamplitndinis
646 3148 739 3227 spatio
749 3146 885 3207 credetur
894 3145 1047 3208 habitare?
1062 3146 1105 3206 in·
1114 3165 1139 3206 aa

60 3227 212 3304 improba
223 3238 252 3288 et
266 3229 372 3291 inlinita
384 3229 473 3291 debet
485 3240 617 3292 essetam
627 3240 727 3293 vastae
739 3231 824 3292 molis
840 3232 1003 3308 possessio.
1017 3230 1104 3292 Adde

102 3310 179 3385 quod
195 3329 233 3370 ex
247 3315 352 3373 relicto
368 3314 432 3393 plus
448 3314 565 3376 abstulit
581 3314 703 3376 caelum.
720 3333 785 3375 nam
801 3331 865 3373 curn
875 3315 931 3374 sint
943 3316 1006 3374 eius
1023 3317 1103 3393 qnin-

101 3409 157 3473 que
170 3405 278 3471 partes,
296 3415 367 3476 quas
382 3407 487 3460 vocant
499 3415 598 3476 nonas,
616 3399 722 3460 infesto
738 3400 836 3477 rigore
852 3406 882 3458 et
896 3405 1017 3459 aeterno
1033 3400 1104 3476 gelu
