2400 3856
324 182 404 229 nur.
420 182 511 229 mss.
530 182 577 228 vr.
599 175 714 226 13-16.
736 167 872 247 (ns-us.)
1045 162 1108 226 225

161 334 210 397 14.
228 335 311 414 (17⁴.)
327 335 473 395 Ecbatana
498 344 583 413 caput
604 335 720 397 Mediae
739 336 880 396 Seleucus
897 354 951 396 rex
968 334 1107 411 condidit,
1125 339 1160 392 43

95 439 112 480 a
135 420 272 480 Seleucia
287 437 389 497 magna
408 417 509 478 DCCL
524 419 552 478 M
569 438 720 498 passuum,
742 438 757 477 a
783 422 876 497 portis
902 437 971 479 uero
992 417 1106 497 Caspiis

94 504 152 564 XX
176 502 213 564 M.
265 504 378 581 reliqua
408 502 559 562 Medorum
589 503 707 582 oppida·
728 502 943 581 Phisganzaga,
977 503 1107 580 Apamea

94 588 246 664 Rhagiane
261 588 476 664 cognominata.
510 583 602 645 Causa
616 595 764 664 portarum
779 589 902 646 nominis
917 587 1016 646 eadem
1033 605 1106 663 quae

63 685 201 751 usupra,
221 671 396 748 interruptis
419 677 543 746 angusto
565 671 686 728 transitu
712 672 788 747 iugis
810 673 851 730 ita
871 679 901 729 ut
922 671 972 728 vix
993 669 1106 746 singula
1120 700 1144 734 aa

94 764 193 816 meent
217 756 363 832 plaustra,
390 754 572 830 longitudine
594 751 663 813 VIII
691 752 720 812 Μ
746 771 899 830 passuum,
928 763 991 813 toto
1015 772 1107 832 opere

94 857 178 898 manu
207 840 295 898 laeto.
340 839 443 898 dextra
469 837 611 915 laevaque
640 837 779 896 ambustis
811 837 921 896 similes
950 837 1108 915 inpendent

95 910 210 1000 s'oopuli
235 923 356 983 sitiente
377 931 469 982 tractu
495 940 548 1001 per
574 920 699 981 XXVIII
721 919 750 980 M
769 939 914 998 passuum.
960 923 1107 996 augustias

94 1005 215 1085 impedit
232 1007 399 1068 corrivatus
417 1006 485 1066 salis
503 1025 520 1066 e
537 1005 668 1065 cautibus
685 1006 781 1082 liquor
802 1012 889 1083 atque
908 1003 1008 1064 eadem
1024 1006 1108 1063 ernis·

55 1103 81 1142 10
95 1108 154 1150 sus.
201 1098 358 1168 praeterea
379 1093 559 1170 serpentium
582 1089 734 1149 multitudo
756 1089 812 1148 nisi
834 1088 929 1149 hleme
959 1090 1109 1148 transitum

94 1191 152 1233 nou
168 1175 245 1233 sinit.

159 1255 209 1319 15.
228 1256 390 1318 Adiabenis
412 1266 604 1318 conectuntur
620 1256 763 1318 Carduchi
781 1259 920 1337 quondam
938 1257 1017 1334 dicti,
1033 1276 1107 1317 nunc
1125 1265 1160 1313 44

96 1340 263 1416 Cordueni,
288 1341 471 1419 praelluente
486 1340 583 1417 Tigri,
604 1340 649 1400 his
664 1340 791 1401 Pratitae
808 1337 883 1421 παρ’
906 1335 986 1404 ὁδὸν
1009 1342 1108 1419 appel-

94 1425 165 1502 lati,
187 1426 235 1503 qui
259 1433 360 1484 tenent
378 1421 500 1502 Caspias
522 1432 633 1500 portas.
671 1425 715 1483 his
738 1443 753 1484 a
777 1425 870 1484 latere
892 1426 985 1485 altero
1009 1444 1108 1485 occur-

58 1519 84 1560 15
98 1517 163 1568 runt
182 1509 299 1568 deserta
315 1507 449 1569 Parthiae
466 1517 497 1568 et
516 1506 631 1569 Citheni
646 1509 735 1584 iuga,
750 1527 817 1567 mox
833 1509 961 1568 eiusdem
973 1508 1108 1569 Parthiae

98 1594 318 1652 amoenissimus
337 1593 409 1651 situs
433 1595 481 1672 qui
497 1600 618 1651 vocatur
636 1589 758 1650 Choara.
790 1592 862 1651 duae
883 1592 970 1652 urbes
986 1592 1025 1651 ihi
1042 1590 1109 1651 Par·

98 1676 212 1737 thorum
236 1679 392 1754 oppositae
411 1676 553 1753 quondam
574 1674 684 1743 Medis,
707 1671 842 1754 Calliope
863 1684 893 1734 et
914 1675 969 1734 alia
990 1678 1019 1734 in
1036 1693 1109 1754 rupe

96 1758 212 1823 issatis,
228 1761 320 1835 ipsius
338 1777 410 1819 uero
422 1758 557 1819 Parthiae
574 1768 659 1836 caput
668 1757 895 1837 Hecatompylos
910 1760 995 1819 abest
1011 1778 1026 1819 a
1041 1777 1109 1837 por-

100 1844 137 1902 tis
155 1840 305 1902 CXXXIII
323 1840 352 1901 M
368 1861 512 1920 passuum.
546 1846 585 1903 ita
601 1843 771 1903 Parthorum
789 1862 905 1921 quoque
929 1861 1019 1920 regua
1036 1844 1109 1911 ‚iori-

56 1927 152 1988 ²⁰hus
178 1926 385 1986 discluduntur.
427 1926 577 2004 Egressus
608 1929 700 2006 portis
729 1929 839 2005 exeipit
869 1929 1002 2005 protinus
1035 1945 1109 2003 gens
1126 1933 1160 1983 45

97 2008 203 2089 Caspia
226 2008 262 2070 ad
284 2009 370 2085 litora
392 2029 502 2089 usque,
526 2028 600 2090 quae
623 2028 727 2071 nomen
749 2013 842 2089 portis
866 2020 897 2070 et
921 2013 991 2070 mari
1017 2010 1107 2070 dedit.

95 2094 179 2154 laeua
201 2101 363 2153 montuosa.
409 2095 456 2155 Ab
479 2115 514 2156 ea
538 2104 628 2173 gente
646 2103 793 2155 retrorsus
815 2095 849 2155 ad
873 2092 978 2171 Cyrum
998 2113 1109 2154 amnem

96 2179 256 2257 produntur
273 2175 406 2239 CCXXV
421 2178 449 2238 Μ
465 2198 610 2257 passuum.
624 2178 677 2239 ·ab
696 2180 800 2240 eodem
820 2198 903 2239 amne
925 2181 948 2239 si
971 2179 1110 2239 subeatur

97 2261 133 2321 ad
153 2270 272 2340 portas,
292 2260 370 2322 DCC
393 2262 423 2323 Μ
444 2282 589 2341 passuum.
621 2264 696 2323 huno
718 2266 794 2323 enim
816 2263 961 2323 cardinem
982 2262 1109 2323 Alexan·

56 2359 82 2398 aa
97 2346 140 2404 dri
166 2343 263 2420 Magni
290 2345 426 2405 itinerum
452 2347 554 2405 lecere
581 2347 617 2405 ab
643 2348 679 2404 iis
701 2349 795 2422 portis
820 2347 854 2406 ad
879 2346 977 2405 Indiae
1003 2348 1109 2423 prinoi-

97 2430 174 2506 pium
191 2425 283 2485 stadia
304 2426 356 2487 XV
377 2427 407 2488 Μ
424 2425 584 2487 DCLXXX
606 2428 775 2504 prodendo,
796 2429 831 2488 ad
848 2429 951 2488 Bactra
973 2429 1110 2506 oppidum

95 2511 175 2591 ¹quod
192 2509 341 2589 appellant
360 2509 507 2588 Zariasta,
527 2508 617 2570 MMM
635 2507 730 2588 DCC,
751 2511 818 2572 inde
841 2512 876 2571 ad
892 2511 1033 2571 iaxartem
1053 2530 1110 2572 am·

96 2612 162 2653 nem
177 2593 204 2651 V
221 2594 258 2655 Μ.
438 2629 443 2637 -
1143 2595 1144 2598 ’

163 2675 210 2740 16.
230 2675 314 2756 (18.)
337 2678 362 2737 Α
389 2676 502 2757 Caspiis
522 2679 718 2740 adorientem
741 2698 845 2739 versus
868 2682 953 2758 regio
970 2688 1016 2741 est
1033 2679 1109 2757 Apa·
1126 2684 1162 2737 46

59 2777 84 2816 ao
100 2771 225 2824 uortene
248 2762 339 2838 dicta,
367 2771 397 2822 et
416 2764 445 2821 in
469 2783 503 2824 ea
523 2764 682 2823 fertilitatis
712 2763 838 2823 inclutae
859 2764 940 2825 loeus
962 2764 1108 2825 Dareium.

98 2863 166 2906 mox
186 2854 293 2923 gentes
309 2844 433 2924 Papum,
456 2846 609 2924 Anariaci,
632 2847 768 2925 Staures,
784 2848 926 2926 Hyrcani,
952 2867 967 2907 a
989 2865 1111 2927 quorum

98 2929 235 2990 litoribus
248 2931 324 2990 idem
336 2948 415 2989 mare
428 2928 602 3005 Hyrcanium
622 2933 719 2991 vocari
731 2933 832 3010 incipit
849 2932 993 2991 ailumiue
1004 2931 1108 2992 Sideri.

99 3016 171 3073 citra
187 3012 215 3071 id
231 3031 330 3074 amnes
345 3013 479 3092 Maziris,
494 3015 614 3092 Straor,
631 3018 724 3076 omnia
740 3035 779 3075 ex
793 3014 934 3076 Caucaso.
973 3015 1110 3092 Sequitur

99 3098 184 3173 regio
201 3095 350 3172 Margiane
364 3100 525 3176 apricitatis
539 3098 677 3174 inclutae,
695 3099 758 3159 sola
777 3102 805 3158 in
821 3116 859 3159 eo
875 3107 967 3158 tractu
982 3099 1109 3174 vitilem,

61 3194 87 3234 as
103 3180 228 3256 undique
256 3180 366 3241 inclusa
386 3183 533 3242 montibus
558 3185 704 3258 amoenis,
730 3183 838 3243 ambitu
860 3184 1018 3242 stadiorum
1043 3181 1110 3259 MD,

98 3263 224 3323 difficilis
243 3263 321 3323 aditu
336 3275 461 3344 propter
476 3267 636 3326 harenosas
651 3265 824 3326 solitudines
840 3284 893 3344 per
906 3263 986 3325 CXX
1001 3265 1029 3324 M
1046 3284 1110 3344 pas-

98 3365 196 3424 suum,
215 3349 324 3427 etipsa
343 3360 445 3409 contra
463 3349 595 3410 ParthIae
612 3357 733 3410 tractum
756 3351 812 3410 sita
828 3350 856 3410 in
873 3369 927 3428 qua
941 3349 1111 3410 Alexander

101 3431 307 3492 Alexandriam
332 3433 509 3495 condiderat.
547 3451 603 3512 qua
629 3434 722 3493 diruta
749 3452 765 3493 a
791 3434 924 3495 barbaris
947 3434 1108 3496 Antiochus
1127 3440 1161 3491 et

166 3547 245 3584 anxur
263 3548 326 3586 usu.
345 3549 419 3585 arsa.
437 3536 461 3590 1,
865 3515 904 3582 15
