2400 3856
269 255 271 259 ,
328 204 603 253 NAT.HIST.1111.
629 197 745 250 12-13.
771 187 910 270 (ao-ar.)
1066 187 1126 253 175

116 359 217 436 maspi.
247 357 317 418 Μοιι
332 357 455 436 Riphaei
472 366 587 417 montes
609 366 638 417 et
654 356 772 416 adsiduo
795 359 869 417 nivis
891 375 959 418 casu
976 358 1126 436 pinnarum

118 442 302 502 similitudine
315 442 516 520 Pterophoros
532 441 676 518 appellata
688 442 784 519 regio,
801 459 868 520 pars
884 441 978 502 mundi
997 443 1126 504 damnata

117 545 133 586 a
153 544 249 586 rerum
265 535 362 585 natura
385 534 415 586 et
431 524 520 586 densa
535 542 630 583 mersa
647 523 787 601 caligine,
810 543 906 602 neque
921 527 951 585 in
969 527 1026 586 alio
1043 545 1125 604 quam

117 612 226 687 rigoris
243 628 334 687 opere
354 608 519 687 gelidisque
535 608 689 684 Aquilonis
707 609 930 686 conceptaculis.
970 609 1051 670 Pone
1073 628 1125 670 eos
1143 613 1178 668 89

87 696 223 753 amontis
243 695 376 771 ultraque
398 692 574 770 Aquilonem
595 710 669 768 gens
690 690 763 751 felix
786 694 826 770 (si
855 693 1026 772 credimus),
1053 712 1126 771 quos

116 777 329 856 Hyperboreos
348 776 547 856 appellavere,
563 793 674 835 annoso
691 774 773 851 degit
788 794 877 852 aero,
892 776 1034 836 sabulosis
1050 778 1127 837 cele·
1195 807 1197 810 ·

117 862 200 921 brata
215 861 370 922 miraculis.
400 860 442 921 lbi
464 859 620 919 creduntur
637 877 705 919 esse
720 858 853 919 cardines
875 859 969 918 mundi
992 862 1127 921 extremi·

118 964 175 1023 que
192 944 317 1004 siderum
336 944 477 1004 ambimus
496 945 649 1004 semenstri
668 943 732 1002 luce
750 951 779 1003 et
795 961 849 1003 una
864 945 911 1005 die
930 944 1002 1004 solis
1019 948 1127 1022 aversi,

118 1047 192 1106 non,
210 1038 240 1088 ut
261 1031 378 1107 inperiti
397 1028 516 1105 dixere,
532 1026 567 1087 ab
588 1028 774 1105 aequinoctio
791 1045 883 1087 verno
906 1030 934 1087 in
955 1037 1125 1088 autumnum.
1163 1065 1166 1070 -

80 1114 210 1173 insemel
229 1114 259 1189 in
282 1131 357 1173 anno
375 1113 503 1173 solstitio
525 1114 655 1172 oriuntur
677 1111 722 1171 his
740 1111 838 1188 soles,
861 1113 1017 1190 brumaque
1035 1113 1127 1173 semel

119 1197 260 1257 occidunt.
291 1199 375 1275 regio
398 1199 512 1274 aprica,
533 1195 611 1254 lelici
631 1197 790 1274 temperie,
815 1199 889 1255 omni
910 1196 1014 1256 adllatu
1036 1199 1126 1256 noxio

119 1299 232 1341 carens.
264 1279 384 1339 domnus
399 1282 434 1338 iis
450 1296 568 1339 nemora
580 1278 713 1357 lucique,
732 1287 765 1338 et·
776 1279 895 1339 deorum
911 1280 1004 1340 cultos
1020 1282 1127 1340 viritim

118 1364 336 1441 gregatimque,
353 1362 497 1422 discordia
512 1364 611 1438 ignota
629 1371 659 1421 et
675 1362 826 1439 aegritudo
844 1365 944 1422 omnis.
976 1382 1053 1424 mors
1071 1383 1127 1425 non

119 1449 174 1506 nisi
191 1447 326 1506 satietate
345 1449 423 1505 vitae
441 1441 565 1524 epulatis
581 1444 771 1522 delibutoque
787 1448 870 1504 senio
889 1446 956 1505 luxu
973 1466 989 1507 e
1007 1449 1127 1525 quadam

80 1550 105 1588 ιι
94 1549 191 1608 rupe
210 1531 239 1589 in
253 1548 332 1590 mare
348 1530 519 1591 salientium.
549 1528 605 1588 hcc
621 1547 714 1606 genus
734 1529 900 1606 sepulturae
919 1529 1124 1593 beatissimum

119 1613 241 1686 Quidam
262 1632 315 1674 eos
336 1615 365 1672 in
387 1615 477 1693 prima
497 1620 581 1692 parte
604 1612 694 1672 Asiae
710 1612 825 1672 litorum
847 1631 991 1690 posuere,
1019 1631 1077 1673 non
1099 1617 1128 1674 in
1144 1625 1180 1678 90

118 1698 255 1798 Europa,
283 1698 348 1775 quia
370 1706 436 1757 sunt
457 1698 497 1756 ibi
519 1695 704 1756 similitudine
727 1704 757 1756 et
775 1697 866 1756 situus
884 1696 1054 1757 Attacorum
1077 1708 1127 1758 n'c·

118 1785 204 1841 rnine
237 1781 285 1840 alii
301 1781 412 1841 medios
428 1781 529 1841 fecere
552 1799 603 1842 eos
621 1781 699 1839 inter
712 1766 865 1856 utrumque
884 1780 977 1840 solem
985 1782 1128 1860 ,antipo-

120 1867 184 1925 dum
202 1882 343 1925 occasune
361 1867 602 1942 exorientemque
616 1872 763 1940 nostrum,
778 1863 854 1941 quod
870 1865 933 1923 heri
949 1865 1127 1925 nullomodo

79 1967 105 2006 ao
119 1955 219 2028 potest
242 1958 297 2008 tarn
321 1956 405 2009 vasto
421 1949 491 2008 mari
514 1949 738 2008 interueniente.
774 1949 821 2024 qui
840 1947 909 2007 alibi
932 1966 1013 2026 quarn
1037 1951 1066 2008 iu
1083 1968 1128 2009 se·

118 2034 238 2093 menstri
261 2032 325 2093 luce
348 2035 528 2092 constituere
544 2050 614 2108 eos,
632 2028 734 2092 serere
756 2033 919 2109 matutinis,
933 2033 1054 2093 meridie
1069 2051 1127 2093 me·

118 2126 201 2194 tere,
223 2116 374 2178 occidente
393 2117 490 2177 letuus
508 2118 644 2176 arborum
659 2117 840 2195 decerpere,
859 2119 994 2177 noctibus
1014 2119 1042 2178 in
1061 2136 1127 2197 spe-

118 2221 187 2263 cuus
204 2200 288 2261 condi
306 2202 493 2262 tradiderunt.
525 2200 588 2261 Nec
603 2200 674 2260 licet
694 2200 826 2260 dubitare
848 2199 991 2279 degente
1013 2220 1064 2280 ea,
1084 2211 1128 2263 tot
1144 2211 1176 2265 91

118 2292 255 2344 auctores
285 2285 410 2362 produnt
434 2287 547 2362 frugum
573 2286 713 2363 primitias
740 2284 845 2343 solitos
877 2285 981 2345 Delum
1011 2289 1127 2346 mittere
1156 2340 1158 2345 ,

79 2386 104 2426 25
119 2366 249 2445 Apollini
273 2385 358 2444 quem
379 2369 538 2445 praecipue
562 2367 667 2426 colunt.
708 2368 837 2443 virgines
860 2369 995 2427 lerebant
1011 2387 1062 2427 aas
1077 2368 1128 2427 ho·

119 2452 214 2530 spitiis
230 2453 359 2527 gentium
376 2468 431 2528 per
447 2469 537 2509 annos
554 2450 664 2526 aliquot
684 2448 888 2528 venerabiles,
911 2451 1005 2510 donec
1022 2451 1128 2511 violata

119 2534 174 2594 lide
193 2535 222 2593 in
242 2535 383 2612 proximis
405 2533 569 2592 accolarum
591 2532 697 2592 linibus
718 2531 867 2611 deponere
887 2552 967 2593 sacra
990 2553 1024 2594 ea
1047 2536 1128 2593 insti-

119 2628 218 2694 tuere,
233 2617 321 2695 hique
338 2618 372 2678 ad
386 2618 581 2677 conterminos
597 2616 733 2693 deferre,
747 2625 833 2694 atque
850 2618 889 2676 ita
904 2617 1007 2677 Delum
1025 2637 1125 2696 usqne.

118 2720 185 2761 mox
214 2710 244 2763 ct
270 2701 326 2762 hoc
356 2704 450 2780 ipsum
479 2700 618 2762 exolevit.
665 2700 841 2777 Sarmatiae,
873 2701 1025 2779 Scythiae,
1055 2701 1127 2763 Tau·

78 2788 213 2863 eunicae,
251 2787 402 2864 omnisque
437 2804 452 2845 a
481 2784 666 2861 borysthene
698 2803 780 2844 amne
817 2793 943 2845 tracturus
975 2785 1126 2863 longitudo

118 2869 353 2931 DCCCCLXXX
378 2869 422 2947 Μ,
450 2869 570 2929 latitudo
596 2866 791 2928 cccxviii
811 2887 827 2928 a
849 2868 884 2928 Μ
910 2869 1042 2948 Agrippa
1071 2878 1127 2928 tra·

119 2954 176 3013 dita
204 2965 256 3015 est.
302 2972 359 3033 ego
384 2956 524 3014 incertam
551 2954 580 3011 in
609 2952 828 3039 baeterrarum
858 2962 941 3043 parte
966 2970 1127 3013 mensuram
1177 2968 1181 2975 '

118 3038 254 3097 arbitror.

179 3120 261 3200 (27.)
284 3121 394 3181 Verum
414 3124 545 3181 instituto
564 3120 664 3181 ordine
682 3121 795 3198 reliqua
812 3120 935 3179 huius
912 3138 1009 3179 sinuus
1033 3120 1126 3179 dican·

79 3222 105 3262 aa
118 3216 180 3282 tur,
198 3214 228 3265 et
243 3206 331 3264 maria
346 3205 459 3282 quidem
477 3206 540 3265 eius
554 3207 787 3283 nuncupavimus.

180 3288 461 3366 13.'Hellespontus
478 3288 586 3348 insulas
607 3288 770 3349 nonhabet
791 3289 821 3346 iu
841 3286 960 3364 Europa
980 3287 1125 3348 dicendas.
1141 3296 1176 3349 92

118 3377 147 3432 in
167 3373 261 3433 Ponto
285 3373 375 3449 duae,
402 3372 431 3432 Μ
449 3372 475 3431 D
494 3391 571 3450 pass.
600 3371 635 3431 ab
657 3372 790 3450 Europa,
815 3370 898 3432 Xllll
922 3370 951 3430 Μ
972 3372 1007 3430 ab
1037 3372 1125 3449 ostio,

120 3455 271 3537 Cyaneae,
287 3456 321 3517 ab
339 3456 402 3517 aliis
421 3456 631 3536 Symplegades
649 3457 833 3537 appellatae,
848 3455 1028 3532 traditaeque
1044 3455 1124 3515 iabu-
