2400 3856
412 140 492 187 nnn.
512 140 604 186 mss.
627 139 751 186 annus.
1072 125 1091 185 7

92 295 254 377 Apelles
270 293 442 353 faciebat
464 292 776 366 autPolyclitus,
800 301 943 370 tamquam
959 292 1094 352 inchoata

92 388 294 459 temperante
321 386 350 435 et
371 376 551 455 inperfecta,
576 383 605 433 ut
628 382 728 433 contra
750 375 920 435 indiciorrun
935 376 1093 435 varietates

91 471 266 542 superesset
290 460 394 522 artifici
419 476 574 537 regressus
601 457 639 518 ad
663 458 777 517 veniam
800 458 880 519 velut
906 459 1093 519 emendaturo

88 546 226 626 quidquid
239 546 470 621 desideraretur,
484 544 508 602 si
519 549 664 601 nouesset
678 542 868 616 interceptus.
883 558 972 617 qnare
984 540 1098 617 plenum
1120 543 1151 595 at

53 629 285 690 s'uerecundiae
299 628 370 687 illud
389 636 453 702 cst,
477 625 554 702 qnod
570 627 662 683 omnia
678 640 769 701 opera
786 632 925 700 tamquam
944 624 1099 681 novissima

91 710 282 786 inscripsere,
300 716 328 765 et
343 714 486 785 tamquam
501 706 621 783 singulis
636 705 696 764 fato
713 705 848 782 adempti.
880 705 946 765 Tria
962 723 1019 765 nou
1036 725 1093 765 am·

91 794 185 873 plius,
208 800 239 850 ut
260 792 381 869 opinor,
401 788 535 848 absoluto
551 788 700 848 traduntur
715 789 868 866 inscripta:
901 787 973 847 llle
991 788 1093 863 iecit,

92 894 168 955 quae
184 876 243 934 suis
259 875 334 933 locis
350 873 478 932 reddam.
501 889 558 949 quo
574 873 705 950 apparuit
721 889 856 931 summam
872 872 941 930 artis
954 873 1092 931 securita-

91 970 151 1019 tem
168 959 280 1017 auctori
295 957 453 1034 placuisse,
472 963 500 1013 et
516 955 553 1013 ob
565 955 593 1014 id
605 973 709 1031 magna
722 956 827 1015 invidia
841 954 924 1014 fuere
938 957 1031 1014 omnia
1047 973 1092 1013 ea.

57 1041 159 1119 soligo
180 1041 267 1118 plane
289 1041 362 1097 meis
386 1039 460 1097 adici
475 1055 564 1115 posse
586 1037 673 1097 multa
695 1038 853 1113 confiteor,
874 1057 929 1097 nec
947 1038 990 1099 his
1007 1038 1136 1112 solisne

92 1125 146 1185 sed
163 1132 194 1183 et
209 1122 341 1182 omuibus
359 1138 432 1200 quos
452 1121 543 1195 edidi,
569 1130 598 1179 ut
614 1120 709 1179 obiter
728 1139 846 1182 caveam
862 1123 933 1181 istos
949 1121 1090 1181 Homero-

90 1209 231 1282 mastigas
246 1206 301 1283 (ita
317 1207 392 1264 enim
409 1205 507 1262 verius
525 1204 673 1282 dixerim),
690 1207 824 1282 qnoniam
836 1205 921 1264 audio
936 1215 965 1265 et
975 1207 1093 1266 Stoicos

92 1300 123 1351 et
137 1290 326 1363 dialecticos,
351 1287 515 1365 Epicureos
531 1303 647 1365 quoque
665 1287 745 1364 (narn
761 1288 798 1347 de
813 1291 1006 1364 grammaticis
1018 1307 1092 1347 sem·

91 1391 147 1453 per
177 1373 350 1450 expectavi)
366 1371 510 1448 parturire
526 1370 665 1428 adversus
681 1370 799 1429 libellos
815 1388 889 1447 qnos
905 1372 940 1430 de
952 1389 1092 1448 gramma·

56 1456 150 1519 rstica
168 1454 261 1530 edidi,
277 1464 306 1516 at
319 1455 441 1515 subinde
454 1453 593 1512 eborinus
606 1452 705 1511 iacere
724 1454 779 1511 iam
795 1454 897 1511 decem
914 1457 1010 1529 aunis,
1030 1472 1094 1513 cum

91 1539 220 1599 celerius
236 1538 322 1596 ctiam
338 1536 485 1613 elephanti
502 1537 622 1613 pariant.
650 1554 704 1594 ceu
719 1552 791 1595 vero
810 1537 936 1594 nesciam
952 1537 1135 1607 adversuspp

91 1619 335 1699 Theophrastum,
352 1619 496 1679 hominem
512 1619 540 1676 in
558 1618 725 1695 eloquentia
742 1627 849 1677 tantum
864 1627 893 1675 nt
905 1635 1011 1678 nomen
1023 1620 1092 1678 diri·

90 1723 158 1769 uum
173 1703 241 1763 inde
257 1703 409 1778 invenerit,
426 1703 581 1778 scripsisse
600 1701 685 1759 etiam
700 1700 844 1774 feminam,
863 1710 891 1759 et
907 1703 1094 1778 proverbium

90 1788 158 1848 inde
174 1794 271 1847 natum
287 1786 443 1863 suspendio
458 1784 592 1844 arborem
604 1783 741 1859 eligendi.
771 1781 836 1842 Non
852 1802 928 1862 queo
941 1787 1008 1844 mihi
1020 1795 1090 1843 tem·
1102 1805 1137 1858 30

53 1889 200 1951 aoperare
223 1886 281 1948 quo
306 1869 397 1928 minus
421 1868 457 1927 ad
481 1866 538 1926 hoc
560 1867 732 1943 pertinentia
748 1867 810 1944 ipsa
830 1869 955 1926 censorii
973 1866 1091 1926 Catonis

90 1953 184 2015 verba
200 1969 320 2030 ponam,
340 1960 368 2011 at
385 1959 523 2032 appareat
541 1950 626 2008 etiam
644 1946 745 2009 Catoni
762 1950 798 2008 de
813 1949 927 2009 militari
943 1949 1096 2029 disciplina

92 2036 307 2109 commentanti,
324 2037 372 2114 qui
389 2032 441 2093 sub
458 2032 608 2109 Africano,
626 2035 710 2093 immo
726 2051 798 2092 vero
816 2042 845 2092 et
857 2033 909 2093 suh
921 2033 1094 2109 Hannibale,

91 2121 245 2197 didicisset
266 2119 389 2179 militare
412 2125 440 2176 et
462 2135 498 2176 ne
514 2116 681 2177 Africanum
699 2117 819 2196 ¹quidem
841 2116 921 2177 ierne
939 2121 1093 2197 potuisset,

92 2196 141 2283 qui
156 2205 315 2281 imperator
329 2199 500 2277 triumphum
514 2210 705 2279 reportasset,
724 2210 842 2280 paratos
857 2201 948 2261 fuisse
962 2204 1033 2262 istos
1047 2203 1096 2281 qui

54 2305 82 2343 oa
93 2285 308 2348 obtrectatione
321 2284 433 2344 alienae
446 2284 585 2343 scientiae
599 2284 702 2345 lamam
714 2285 768 2343 sibi
781 2295 966 2363 aucupantur.
1001 2284 1093 2358 Quid

93 2366 208 2431 enim?
231 2369 268 2427 ait
285 2367 529 2440 ineovolumine,
547 2368 625 2425 scio
644 2384 725 2441 ego,
743 2385 836 2445 qnae
853 2369 996 2445 scripta
1013 2375 1094 2425 sunt

40 2439 49 2452 ’
91 2448 1093 2531 sipalamproierantur,multosioreqnivrtnlntrgent,

92 2536 158 2605 sed
174 2536 200 2594 ii
216 2536 446 2611 potissimum
463 2533 522 2608 qni
536 2549 553 2590 v
566 2548 648 2589 erae
666 2531 786 2590 landis
804 2542 985 2604 expertes
1004 2541 1094 2591 sunt.

87 2618 216 2664 corum
233 2624 302 2683 ego
321 2611 519 2665 orationes
538 2611 607 2666 sivi
624 2609 919 2685 praeterfluere.
946 2608 1152 2672 NecPlan-3i‘

48 2706 140 2748 aocns
156 2688 304 2767 inlepide,
322 2709 385 2749 cum
404 2690 551 2750 diceretur
568 2690 687 2751 Asinius
706 2691 801 2755 Pollio
819 2696 968 2754 orationes
987 2696 1016 2754 in
1037 2714 1102 2755 enm

87 2790 195 2850 parare
209 2791 283 2850 quae
298 2775 334 2833 ab
348 2779 414 2852 ipso
430 2782 477 2837 out
492 2774 592 2835 liberis
605 2784 673 2854 post
687 2786 810 2838 mortem
822 2778 919 2839 Planci
933 2779 1101 2856 ederentur,

86 2874 125 2915 ne
139 2857 325 2934 respondere
335 2866 456 2936 posset:
469 2877 532 2918 cnm
541 2862 663 2921 mortuis
672 2879 730 2921 non
740 2864 795 2921 nisi
806 2862 901 2923 larvas
912 2864 1024 2923 luctari.
1044 2881 1101 2941 qno

91 2943 171 3002 dicto
191 2943 234 2999 sic
249 2944 429 3019 repercussit
444 2942 525 3018 illas,
543 2952 572 3002 nt
588 2944 664 3020 apud
680 2945 809 3004 eruditos
825 2947 894 3005 nihil
910 2948 1093 3024 inpudentius

90 3022 245 3083 iudicetur.
275 3022 355 3102 Ergo
368 3027 463 3084 securi
477 3027 561 3085 etiam
576 3035 675 3086 contra
687 3028 911 3105 vitilitigatores,
931 3046 1004 3107 quos
1017 3027 1089 3088 Cato
1101 3034 1138 3091 3²

54 3116 83 3158 rt
91 3106 248 3184 eleganter
265 3127 302 3166 ex
325 3110 401 3167 vitiis
426 3118 454 3167 et
472 3108 665 3187 litigatoribus
684 3113 837 3188 conposuit
862 3112 946 3189 (qnid
963 3114 1036 3169 enim
1052 3112 1093 3170 illi

91 3191 170 3252 aliud
187 3208 270 3269 quam
287 3192 398 3268 litigant
414 3201 460 3251 aut
474 3193 552 3251 litem
565 3191 753 3272 quaerunti),
772 3212 967 3271 exsequemur
981 3195 1094 3273 reliqna

91 3274 246 3353 propositi.
278 3273 350 3346 Quia
367 3276 605 3352 occupationibus
620 3278 675 3334 tuis
691 3276 809 3353 publico
826 3275 902 3333 bono
915 3279 1137 3354 parcendumdd

92 3367 166 3433 erat,
184 3357 252 3437 qnid
268 3358 388 3434 singulis
405 3360 601 3418 contineretur
616 3359 698 3419 libris
710 3357 776 3418 hnic
792 3358 935 3435 epistulae
949 3361 1092 3441 subiunxi,
