2400 3856
109 162 171 231 150
458 179 488 228 c.
512 180 607 230 amru
630 180 777 230 ssouruu

107 354 172 396 num
179 333 364 409 Verbannus,
373 332 507 394 Mincium
518 334 661 412 Benacus,
675 334 779 395 Ollium
794 336 950 412 Sebinnus,
963 327 1120 398 Lambrum

56 414 106 467 1³²
121 418 246 496 Eupilis,
265 435 366 478 omues
383 419 493 479 incolas
508 418 588 480 Padi.
625 417 710 498 Alpis
726 421 755 479 in
769 419 981 498 longitudinem
997 421 1121 481 deciens

107 511 229 563 centena
247 501 324 560 milia
340 520 416 580 pass.
442 510 543 580 patere
561 520 700 581 asupero
717 505 838 564 moriad
860 504 983 563 inferum
1000 501 1121 565 Caelius
1171 501 1174 510 '

107 587 204 662 tradit,
220 584 394 663 Timagenes
406 584 490 646 XXV
502 590 528 645 M
540 604 615 664 pass.
632 585 775 661 deductis,
787 588 816 647 in
832 587 1011 648 latitudinem
1022 597 1122 649 autem

107 667 261 730 Cornelius
276 667 379 748 Nepos
397 667 423 729 ¹C
439 668 479 746 M,
502 668 534 729 T.
557 669 655 730 Livius
677 672 731 730 tria
751 669 781 729 M
801 671 976 749 stadiorum,
992 680 1152 751 uterque⁵

68 756 71 763 '
106 754 231 814 diversis
256 754 285 812 iu
306 753 390 815 locis.
428 771 551 833 namque
573 763 604 814 et
621 751 644 813 C
661 752 690 813 M
707 755 851 815 excedunt
868 754 1042 833 aliquando,
1070 756 1121 816 ubi

107 836 288 898 Germaniam
304 837 340 899 ab
355 837 438 897 ltalia
454 838 644 914 submovent,
666 856 721 898 nec
735 837 815 898 LXX
829 836 858 897 M
877 838 989 917 inplent
1005 838 1121 917 reliqua

105 923 149 982 sui
164 931 248 1001 parte
262 921 400 1000 graciles,
415 921 504 981 veluti
520 930 638 980 naturae
651 921 843 999 providentia.
866 921 1001 982 Latitudo
1015 922 1122 984 Italiac

105 1006 207 1066 subter
228 1006 342 1066 radices
366 1022 463 1065 earnm
486 1022 502 1063 a
521 1002 600 1063 Varo
628 1023 683 1083 per
698 1004 778 1066 Vada
801 1004 933 1083 Sabatia,
961 1004 1119 1082 Taurinos,

106 1087 236 1165 Comum,
247 1088 384 1164 Brixiam,
396 1086 554 1164 Veronam,
566 1086 721 1164 Vicetiam,
735 1087 928 1168 Opitergium,
941 1088 1121 1169 Aquileiam,
1135 1109 1161 1150 ro

105 1171 263 1248 Tergeste,
279 1171 390 1246 Polam,
406 1170 520 1230 Arsiam
538 1168 695 1231 DCCXLV
711 1172 789 1233 milia
806 1192 940 1251 passuum
956 1173 1083 1250 colligit.

54 1251 105 1305 133
182 1253 233 1316 20.
250 1251 333 1333 (24.)
359 1253 476 1315 lncolae
498 1253 614 1334 Alpium
628 1254 708 1314 multi
731 1256 849 1335 populi,
873 1257 925 1317 sed
947 1257 1122 1318 inlustresa

104 1338 176 1399 Pola
195 1338 231 1399 ad
248 1337 403 1417 Tergestis
424 1340 577 1416 regionem
589 1341 745 1416 Secusses,
757 1339 1041 1417 Subocrini,.Catali,
1057 1340 1122 1403 Me·

103 1423 270 1499 aoucaleni,
288 1425 427 1502 iuxtaque
446 1421 557 1484 Carnos
576 1422 716 1502 quondam
729 1423 859 1485 Taurisci
874 1423 1025 1503 appellati,
1043 1444 1121 1486 nunc

103 1505 216 1568 Norici.
244 1506 295 1568 llis
315 1509 487 1568 contermini
503 1506 589 1568 Raeti
610 1515 641 1568 et
662 1506 825 1584 Vindelici,
847 1527 947 1568 omnes
962 1509 992 1567 in
1013 1508 1120 1569 multas
1134 1528 1160 1569 15

104 1593 239 1652 civitates
252 1593 346 1652 divisi.
369 1591 481 1652 Raetos
495 1590 654 1652 Tuscorum
672 1591 785 1669 prolem
802 1592 978 1652 arbitrantur
994 1609 1011 1652 a
1027 1590 1120 1653 Callis

125 1675 205 1735 ulsos
228 1675 301 1735 duce
322 1674 428 1735 Raeto.
469 1674 568 1735 Verso
588 1674 695 1736 deinde
718 1674 973 1754 ltaliampectore
1000 1676 1121 1754 Alpium

102 1693 195 1819 Latini
218 1760 289 1819 inris
306 1757 462 1835 Euganeae
480 1769 604 1836 gentes,
629 1762 747 1838 quarum
765 1758 871 1837 oppida
887 1757 1030 1819 XXXllll
1049 1779 1121 1822 enu-

53 1849 103 1904 134
120 1852 212 1903 merat
232 1840 314 1903 Cato.
348 1842 394 1903 Ex
408 1843 453 1903 his
471 1842 667 1922 Triumpilini,
684 1843 796 1903 venalis
812 1861 876 1903 cum
893 1844 972 1920 agris
990 1845 1052 1903 suis
1066 1861 1121 1922 po-

104 1927 206 2006 pulus,
222 1927 290 1987 dein
307 1923 445 1987 Camunni
468 1927 684 2004 conpluresque
701 1927 810 1987 similes
831 1928 958 1987 finitimis
979 1927 1119 2004 adtributi
1133 1947 1158 1988 aa

103 2012 276 2087 municipiis.
297 2009 460 2088 Lepontios
476 2010 653 2088 etSalassos
666 2008 822 2070 Tauriscae
838 2012 935 2089 gentis
951 2011 1027 2070 idem
1043 2007 1120 2071 Cato

104 2094 269 2153 arbitratur.
293 2096 387 2153 ceteri
406 2095 471 2155 iere
486 2092 648 2172 Lepontios
664 2093 787 2153 relictos
806 2113 844 2156 ex
860 2096 996 2154 comitatu
1008 2093 1121 2155 Hercu·

104 2176 142 2236 lis
154 2179 399 2254 interpretatione
413 2174 515 2237 Graeci
528 2178 651 2235 nominis
663 2176 785 2236 credunt
794 2179 940 2256 praeustis
953 2179 1121 2237 intransitu

105 2259 224 2338 Alpium
243 2261 311 2322 nive
332 2261 480 2322 membris.
516 2260 646 2320 eiusdem
666 2262 836 2320 exerciturus
852 2270 882 2321 et
900 2259 1004 2321 Graias
1024 2262 1121 2321 luisse

74 2364 77 2369 ⁴
106 2345 254 2407 Graiarum
277 2343 395 2424 Alpium
414 2344 524 2405 incolas
545 2352 788 2423 praestantesque
814 2362 927 2423 genere
948 2343 1160 2422 Euganeos,ac

52 2435 103 2489 135
121 2429 187 2490 inde
207 2437 302 2489 tracto
321 2431 445 2490 nomine.
475 2438 561 2507 caput
582 2445 682 2488 eorum
700 2427 837 2489 Stoenos.
864 2427 1024 2488 Raetorum
1040 2428 1122 2490 Ven-

103 2532 251 2574 nonenses
268 2512 486 2592 Sarunetesqne
502 2522 601 2574 ortuus
617 2511 711 2572 Rheni
727 2514 817 2572 amnis
833 2512 983 2587 adcolunt,
1002 2510 1120 2588 Lepon·

102 2599 220 2666 otiorum
246 2598 294 2674 qui
314 2595 406 2658 Uberi
427 2606 567 2658 vocantur
585 2597 695 2656 iontem
716 2594 848 2656 Rhodani
875 2595 979 2656 eodem
1001 2594 1144 2675 Alpium

114 2687 207 2738 ractu.
232 2681 304 2738 Sunt
321 2690 479 2756 praeterea
493 2680 576 2741 Latio
592 2679 690 2739 donati
707 2679 833 2757 incolae,
849 2688 881 2740 ut
896 2676 1120 2741 Octodurenses

103 2769 134 2822 et
156 2761 266 2819 finitimi
291 2760 475 2838 Ceutrones,
498 2761 650 2823 Cottianae
672 2763 823 2840 civitates,
845 2761 940 2823 Ettnri
959 2761 1118 2840 Liguribus
1132 2779 1160 2820 aa

104 2846 182 2920 orti,
201 2842 345 2921 Vagienni
374 2842 497 2921 Ligures
526 2843 556 2906 e't
580 2847 627 2924 qui
649 2843 779 2906 Montani
806 2855 964 2922 vocantur,
993 2843 1120 2924 Capilla-

103 2937 256 3007 torumque
278 2926 361 3006 plura
383 2945 494 3004 genera
516 2928 551 2988 ad
572 2929 725 2989 confinium
746 2928 887 3008 Ligustici
908 2931 1007 2990 maris.
1052 2928 1121 2990 Non

52 3013 246 3073 montianum
262 3011 377 3072 videtur
400 3011 457 3088 boc
477 3011 544 3072 loco
563 3013 699 3073 subicere
721 3014 944 3091 inscriptionem
959 3032 977 3073 e
994 3022 1121 3092 tropaeo

103 3097 238 3175 Alpium,
264 3113 339 3175 quae
366 3095 433 3155 talis
461 3103 523 3155 est:
549 3095 772 3174 Imperatori
800 3093 955 3157 Caesari
981 3097 1059 3156 divi
1083 3095 1122 3158 T.

103 3180 190 3258 Aug.
208 3180 389 3260 pontifici
405 3182 574 3256 maxima,
599 3181 677 3258 imp.
696 3178 791 3255 Xllll,
810 3180 1039 3241 tribuniciae
1056 3197 1165 3258 po-sa

104 3266 261 3325 testatis
277 3262 456 3340 XVll,S.P.
470 3260 564 3339 Qu,
582 3263 677 3341 quod
696 3262 896 3324 eiusductu
915 3264 1122 3343 auspiciis-

104 3363 171 3426 que
192 3347 500 3426 gentasAlpinae
520 3351 645 3407 omnes
669 3365 759 3425 quae
780 3366 797 3408 a
816 3348 903 3407 mari
925 3362 1064 3426 supero
1079 3348 1124 3410 ad

102 3430 260 3491 inferum
274 3431 599 3511 pertinebantsub
614 3432 904 3523 imperiumpop.
923 3429 1021 3491 Rom.
1038 3441 1128 3494 suut
