2400 3856
262 190 342 241 nar.
364 192 455 239 rursu.
478 192 502 239 1.
524 182 660 254 (mm.
678 192 818 241 xxxnm.
837 186 957 257 xxxv.)
1070 180 1113 246 59

104 361 168 421 gro.
198 341 249 406 50.
271 345 431 405 medicinae
450 364 488 404 en
509 344 628 424 plumbo
645 343 708 406 XV.
744 344 794 408 51.
816 348 975 409 medicinae
993 367 1113 410 011100-

104 428 147 487 ria
161 427 270 505 plumbi
285 426 350 489 XV.
376 426 426 493 52.
443 429 576 507 spodium
590 447 629 489 ex
644 429 770 507 plumbo.
796 428 849 493 53.
863 432 899 491 de
911 433 1111 510 molybdaena.

103 510 264 572 medicinae
290 531 329 572 ex
346 531 381 572 ea
403 511 468 573 XV.
504 510 554 574 54.
572 513 757 592 psimythium
779 516 843 573 sive
862 533 999 594 cerussa,
1023 516 1112 577 medi-

106 596 189 655 cinae
206 613 244 654 011
260 613 295 656 00
310 594 359 657 VI.
388 594 439 658 55.
456 596 622 672 sandaraca,
639 596 799 657 medicinae
814 616 853 657 ex
868 616 902 657 ea
918 597 969 658 XI.
1002 599 1051 663 56.
1069 619 1113 661 ar·

82 676 286 764 ordericum).
326 679 454 739 Summa:
481 679 640 740 medicinae
665 678 816 741 ccuvllr.
847 680 894 739 Ex
914 683 950 741 iis
975 684 1010 743 ad
1034 686 1114 744 oanis

105 778 250 840 morsuus,
266 761 301 823 ad
312 772 408 841 caput,
424 762 583 842 alopecias,
596 763 698 822 oculos
713 762 808 840 XXV,
822 783 920 841 aures,
936 784 1035 843 nares,
1052 768 1112 827 oris

105 846 186 924 vitia,
206 844 324 924 lepras,
338 848 490 924 gingivas,
507 846 622 924 dentes,
641 865 740 923 uvam,
757 849 903 926 pituitam,
921 849 1032 927 lauces,
1050 858 1113 910 ton·

106 928 197 1004 sillas,
210 932 352 1006 anginam,
368 932 478 1007 tussim,
492 933 678 1004 vomitiones,
690 939 805 1009 pectus,
817 931 1004 1009 stomachum,
1021 936 1114 1012 suspi-

105 1013 166 1090 ria,
181 1011 282 1073 lateris
299 1013 437 1092 dolores,
452 1015 600 1093 splenem,
615 1024 766 1092 ventrem,
783 1024 960 1092 tenesmum,
976 1017 1112 1093 dysente-

70 1096 188 1171 roriam,
209 1096 320 1175 sedem,
341 1099 479 1176 verenda,
502 1100 671 1176 sanguinem
694 1099 863 1178 sistendum,
886 1099 1043 1178 podagras,
1062 1100 1113 1177 hy·

106 1178 255 1258 dropicos,
267 1180 377 1258 ulcera,
388 1181 511 1241 vulnera
522 1180 630 1259 XXVI,
644 1192 812 1263 suppurata,
826 1200 907 1261 ossa,
924 1184 1111 1262 paronychia,

104 1263 202 1341 ignem
214 1282 345 1340 sacrum,
362 1264 613 1341 haemorrhoidas,
628 1267 757 1343 listulas,
773 1267 887 1344 callum,
904 1269 1035 1345 pusulas,
1051 1285 1112 1327 sca·

105 1346 194 1421 biem,
211 1348 521 1424 cicatricem-infantes
528 1349 679 1408 muliebria
691 1351 770 1425 vitia,
782 1349 947 1424 psilotrum,
963 1350 1113 1410 Venerem

106 1430 300 1505 inhibendam,
317 1429 353 1489 ad
367 1446 483 1505 vocem,
501 1438 600 1490 contra
616 1429 837 1509 lymphationes.
867 1433 995 1493 Summa:
1013 1452 1062 1492 res
1078 1440 1107 1492 et

67 1536 93 1579 rs
103 1514 243 1575 historiae
260 1521 290 1572 et
305 1511 529 1573 observationes
544 1510 738 1573 DGGGGXV.

166 1596 213 1657 1111
228 1594 410 1656 auctoribus:
439 1596 469 1655 L.
488 1597 610 1671 Pisone,
630 1596 757 1673 Antiate,
772 1598 890 1672 Verrio,
906 1597 944 1657 Μ.
961 1596 1106 1675 Varrone,

103 1678 243 1740 Cornelio
258 1676 387 1758 Nepote,
402 1676 540 1755 Messala,
556 1679 643 1756 Rufo,
659 1679 756 1740 Marso
773 1691 872 1758 poeta,
886 1680 1016 1757 Rocobo,
1032 1681 1106 1740 lulio

101 1764 213 1838 Basso,
236 1762 284 1842 qui
304 1762 341 1823 de
363 1763 505 1823 medicina
528 1762 642 1823 Graece
666 1765 795 1840 scripsit,
819 1766 920 1824 Sextio
942 1763 1034 1841 Nigro
1059 1765 1107 1843 qui

102 1849 181 1923 item,
197 1845 289 1907 Fabio
303 1845 435 1906 Vestale.
468 1846 620 1905 Externis:
647 1846 828 1923 Democrito,
846 1847 1015 1907 Metrodoro
1035 1849 1106 1907 Sce-

65 1932 184 2010 nnpsio,
209 1928 399 1990 Menaechmo
425 1931 472 2009 qui
493 1930 529 1989 de
550 1932 695 1991 toreutice
713 1931 846 2008 scripsit,
872 1929 1038 1990 Xenocrate
1058 1931 1107 2010 qui

101 2018 187 2089 item,
210 2012 357 2090 Antigono
380 2015 428 2092 qui
450 2016 535 2089 item,
565 2013 675 2074 Duride
696 2014 744 2093 qui
767 2016 850 2090 item,
877 2014 1037 2075 Heliodoro
1059 2015 1107 2093 qui

101 2098 321 2157 Atheniensium
333 2097 512 2159 anathemata
524 2100 651 2177 scripsit,
665 2098 791 2159 Pasitele
804 2100 852 2178 qui
863 2099 1003 2160 mirabilia
1016 2116 1108 2177 opera

101 2181 237 2259 scripsit,
267 2179 386 2240 Timaeo
409 2183 456 2260 qui
477 2183 514 2242 de
534 2182 677 2243 medicina
699 2182 845 2243 metallica
863 2184 996 2263 scripsit,
1019 2181 1107 2258 Nym-

102 2264 254 2344 phodoro,
276 2263 366 2338 lolla,
393 2264 594 2343 Apollodoro,
610 2264 745 2341 Andrea,
770 2265 942 2340 Heraclide,
966 2266 1106 2343 Diagora,

64 2347 229 2423 asBotrye,
248 2347 453 2424 Archedemo,
471 2348 628 2425 Dionysio,
645 2349 838 2425 Aristogene,
854 2349 1008 2421 Democle,
1026 2348 1106 2407 Mne·

101 2432 176 2506 side,
194 2428 364 2491 Xenocrate
381 2431 524 2508 Zenonis,
540 2432 747 2491 Theomnesto.

163 2513 251 2575 Libro
268 2512 378 2575 XXXV
380 2559 386 2573 .
407 2517 603 2575 continentur:
632 2515 682 2593 (1)
698 2513 799 2573 Honos
815 2514 957 2590 picturae,
987 2512 1038 2589 (2)
1054 2511 1106 2571 ho·

100 2616 155 2658 nos
172 2598 337 2676 imaginum.
367 2599 417 2677 (3)
437 2597 550 2677 quando
574 2599 694 2677 primum
711 2597 807 2674 clupei
822 2596 962 2674 imagines
978 2594 1106 2654 instituti.

101 2681 218 2762 quando
231 2684 352 2761 primurn
366 2684 393 2739 in
406 2681 525 2759 publico
538 2682 635 2761 positi,
654 2681 704 2760 (4)
719 2680 833 2758 quando
845 2681 872 2738 in
889 2679 1029 2741 domibus.
1054 2678 1105 2756 (5)

64 2768 140 2829 code
154 2767 286 2845 picturae
299 2766 395 2840 initiis,
411 2765 447 2825 de
460 2765 703 2826 monochromatis
714 2765 845 2843 picturis,
859 2764 895 2825 de
905 2766 1003 2843 primis
1013 2764 1106 2842 picto·

101 2849 194 2909 ribus.
223 2850 274 2929 (6)
292 2848 446 2926 antiquitas
463 2852 637 2927 picturarum
654 2849 682 2907 in
698 2848 790 2909 ltalia.
823 2848 874 2927 (7)
891 2848 928 2909 do
945 2847 1107 2926 pictoribus

101 2934 252 2994 Romanis.
282 2930 333 3012 (8)
351 2932 465 3011 quando
489 2936 609 3011 primum
625 2933 754 2992 externis
770 2933 891 3010 picturis
906 2931 1030 3007 dignitas
1045 2930 1105 2990 Ro-

102 3035 179 3077 mae.
196 3016 246 3095 (9)
266 3016 380 3094 quando
395 3016 515 3094 primum
526 3017 649 3093 dignitas
660 3016 790 3094 picturae
803 3023 831 3072 et
843 3012 947 3090 quibus
960 3031 997 3070 ex
1010 3013 1107 3072 causis

103 3100 225 3159 Romae.
264 3098 337 3180 (10)
360 3101 409 3178 qui
426 3100 565 3159 victorias
579 3116 646 3159 suas
669 3098 763 3176 pictas
780 3096 996 3174 proposuerint.
1032 3095 1104 3173 (11)

65 3183 190 3245 achatio
206 3181 356 3260 pingendi.
390 3182 548 3262 (ta-30)
572 3181 617 3241 De
637 3181 791 3259 pigmentis
812 3186 930 3256 praeter
949 3176 1105 3237 metallica.

104 3267 141 3326 de
160 3265 311 3325 coloribus
328 3267 443 3327 tioticiis
459 3260 478 3346 (
483 3266 531 3326 13.
549 3267 585 3325 de
602 3265 750 3342 Sinopide.
770 3263 932 3322 medicinae
951 3279 989 3319 ex
1005 3277 1040 3319 ea
1054 3256 1105 3320 XI.

101 3343 150 3409 14.
168 3344 205 3407 de
221 3347 345 3409 rubrica.
368 3348 404 3411 de
419 3358 499 3410 10110
514 3348 638 3408 Lemnia.
657 3345 816 3404 medicinae
833 3360 872 3401 ex
887 3360 921 3401 00
935 3339 1028 3399 Vllll.
1059 3336 1106 3403 15.

101 3430 138 3489 de
154 3428 304 3511 Aegyptia
319 3440 405 3493 terra.
440 3432 488 3495 16.
510 3431 547 3492 de
569 3429 665 3491 001110.
688 3425 848 3487 medicinae
871 3442 910 3485 cx
929 3424 1044 3485 rubrica
1059 3421 1109 3486 111.
