2400 3856
138 155 199 219 too
486 167 517 213 c.
540 166 634 212 uuuu
658 164 807 213 succum

136 323 344 398 Peloponneso
360 322 414 379 sita
427 326 502 395 sunt,
521 328 641 396 utraque
661 336 699 377 ex
721 326 805 395 parte
823 317 947 376 velutin
963 317 1069 375 umeris
1085 315 1155 376 Hel·

138 406 222 480 ladis,
241 404 348 480 Pagaei
368 413 398 462 et
414 404 533 482 amplius
546 401 811 478 Aegosthenenses
828 401 984 460 contributi
998 400 1156 475 Megaren-

139 489 230 548 sibus.
254 490 283 546 in
302 507 352 547 ora
368 497 462 547 autem
482 496 585 564 portus
605 486 772 559 Schoenus,
790 485 895 563 oppida
912 485 1036 557 Sidous,
1054 480 1156 543 Crem·

138 590 242 648 myon,
269 572 400 631 Scironia
422 590 492 630 saxa
515 569 555 629 Vl
575 568 604 628 M
629 570 828 645 longitudine,
856 567 995 642 Gerania,
1021 566 1156 644 Megara,

87 687 121 736 24
139 655 269 715 Eleusin.
293 656 377 715 luere
390 665 419 715 et
431 654 533 714 Oenoe
548 662 577 714 et
589 652 805 713 Probalinthos.
829 671 904 710 nunc
918 659 984 711 sunt
996 651 1031 710 ah
1043 650 1155 711 Isthmo
1173 665 1185 706 s

139 739 188 798 LV
205 738 235 798 M
250 757 327 817 pass.
351 738 491 798 Piraeeus
508 747 538 797 et
552 737 674 797 Phalera
691 745 812 814 portuus
830 734 855 793 V
873 734 901 794 Μ
918 753 994 812 pass.
1011 752 1095 794 muro
1112 752 1159 794 re·

139 823 312 883 cedentibus
335 822 460 882 Athenis
482 823 579 881 iuncti.
619 821 712 880 libera
736 821 809 879 haec
835 822 954 892 civitas,
979 837 1035 877 nec
1058 819 1158 895 indiga

139 907 226 965 ullius
251 908 401 985 praeconii
426 905 558 983 amplius,
587 913 665 963 tanta
686 904 802 963 claritas
819 902 978 980 superlluit.
1008 900 1040 959 ln
1056 902 1160 961 Attica

139 983 252 1050 lontes'
267 988 422 1068 Cephisia,
447 989 567 1064 Larine,
597 986 760 1046 Callirrhoe
784 986 1011 1060 Enneacrunos,
1040 995 1158 1046 montes

139 1072 304 1147 Brilessus,
321 1072 500 1148 Aegialeus,
517 1071 643 1146 Icarius,
664 1068 833 1146 Hymetius,
855 1069 1049 1144 Lycabettus,
1072 1068 1158 1128 locus
1172 1085 1195 1124 so

140 1155 239 1215 llisos.
264 1175 280 1213 a
295 1155 421 1214 Piraeeo
437 1152 515 1212 XLV
531 1152 559 1212 Μ
577 1172 655 1232 pass.
679 1153 796 1213 Sunium
811 1154 1056 1232 promunturium,
1081 1151 1160 1212 Tho·

141 1240 221 1298 uicos
245 1239 489 1316 promunturium,
518 1237 672 1316 Potamos,
698 1236 810 1314 Steria,
839 1236 988 1314 Brauron,
1012 1236 1160 1312 quondam

149 1322 267 1401 oppida,
286 1321 431 1382 Rhamnus
447 1338 556 1400 pagus,
573 1322 656 1381 locus
671 1321 838 1397 Marathon,
856 1341 974 1401 campus
990 1322 1154 1404 Thriasius,

149 1406 286 1485 oppidum
301 1404 399 1466 Melita
416 1415 445 1464 et
461 1404 576 1482 Oropus
591 1407 619 1463 in
635 1407 759 1466 conlinio
774 1405 925 1465 Boeotiae.

106 1500 140 1553 at
210 1489 293 1567 (12.)
312 1487 399 1548 Cuius
414 1489 580 1562 Anthedon,
599 1488 773 1563 Onchestos,
791 1489 938 1567 Thespiae
957 1488 1082 1550 liberum
1100 1509 1153 1570 op·
1166 1513 1190 1553 rs

149 1575 256 1654 pidum,
272 1572 418 1647 Lebadea,
436 1591 491 1631 nec
510 1573 650 1632 cedentes
662 1572 785 1632 Athenis
802 1572 933 1632 claritate
946 1591 1021 1651 quae
1041 1591 1155 1650 cogno·

146 1659 286 1717 minantur
308 1655 449 1715 Boeotiae
473 1654 610 1730 Thebae,
635 1657 754 1716 duorum
775 1657 918 1715 numinum
941 1655 1038 1715 Liberi
1065 1667 1156 1736 atque

146 1740 292 1815 Herculis,
310 1748 341 1798 ut
355 1739 471 1814 volunt,
496 1741 597 1817 patria.
630 1749 659 1798 et
674 1739 764 1798 Musis
780 1740 876 1799 natale
892 1741 920 1798 in
937 1755 1057 1798 nemore
1074 1739 1155 1801 Heli·

148 1824 230 1884 conis
246 1823 406 1899 adsignant.
436 1823 518 1882 datur
535 1832 563 1881 ct
580 1822 625 1881 his
645 1823 754 1883 Thebis
770 1824 860 1882 saltus
876 1820 1044 1898 Cithaeron,
1061 1826 1156 1883 amnis

146 1907 287 1968 Ismenus.
319 1906 476 1966 Praeterea
492 1908 590 1966 ioutes
607 1908 635 1965 in
652 1906 774 1966 Boeotia
791 1905 970 1984 Oedipodis,
986 1906 1188 1984 Psamathe,2o

147 1991 253 2065 Dirce,
270 1989 434 2067 Epicrane,
453 1989 615 2065 Arethusa,
632 1988 836 2067 Hippocrene,
852 1990 1025 2068 Aganippe,
1042 1988 1154 2068 Garga·

147 2073 226 2150 phie.
243 2081 358 2131 montes
371 2082 452 2133 extra
465 2074 631 2151 praedictos
642 2071 819 2147 Mycalesus,
836 2073 984 2148 Hadylius,
997 2072 1153 2134 Acontius.

104 2155 257 2233 toretiqua
276 2155 383 2232 oppida
406 2157 481 2214 inter
497 2154 674 2232 Megaricam
697 2165 727 2214 et
743 2155 859 2215 Thebas
876 2155 1071 2231 Eleutherae,
1095 2157 1154 2218 Ha·

146 2241 256 2313 liartus,
273 2237 420 2313 Plataeae,
437 2237 560 2312 Pherae,
578 2237 740 2316 Aspledon,
757 2239 842 2314 Hyle,
860 2238 979 2315 Thisbe,
993 2239 1153 2317 Erythrae,

147 2320 259 2397 Clissa,
279 2317 396 2399 Copae,
420 2322 498 2380 iuxta
517 2317 673 2399 cephisum
689 2340 799 2382 amnem
817 2321 931 2382 Lamiae
949 2331 978 2382 et
993 2321 1151 2399 Anichiae,
1164 2337 1189 2377 25

145 2404 282 2479 Medeon,
299 2405 460 2481 Phlygone,
476 2405 659 2483 Acraephia,
678 2404 829 2480 Coronea,
847 2404 1028 2465 Chaeronea.
1057 2407 1086 2464 in
1100 2425 1155 2466 ora

146 2499 241 2550 autem
256 2489 330 2549 inira
346 2488 463 2549 Thebas
480 2488 607 2564 Ocalee,
623 2488 754 2564 Heleon,
771 2489 895 2563 Scolos,
914 2489 1080 2564 Schoenus,
1097 2489 1154 2550 Pe·

76 2640 85 2653 ,
145 2583 225 2646 teon,
244 2573 343 2647 Hyrie,
360 2571 538 2647 Mycalesos,
551 2572 691 2646 ireseum,
707 2573 840 2648 Pteleon,
856 2572 1002 2646 Olyarum,
1016 2570 1155 2650 Tanagra

146 2654 222 2714 liber
238 2655 379 2733 populus,
407 2664 436 2714 et
454 2657 482 2713 in
496 2656 568 2733 ipsis
582 2656 715 2715 faucibus
729 2656 830 2734 Euripi
845 2674 932 2735 quem
946 2656 1016 2715 lacit
1033 2656 1154 2717 obiecta

147 2737 239 2796 insula
254 2736 376 2796 Euboea
395 2736 478 2796 Aulis
501 2741 602 2816 capaci
624 2739 730 2798 nubilis
751 2749 845 2817 portu.
876 2739 1004 2798 Boeotos
1022 2738 1154 2812 Hyantas
1164 2762 1188 2803 ao

104 2826 138 2882 at
147 2820 299 2898 antiquitus
322 2821 433 2879 dixere.
466 2818 552 2880 Locri
571 2822 677 2881 deinde
699 2821 891 2900 Epicnemidii
913 2822 1154 2898 cognominantur

46 2914 49 2918 '
147 2903 216 2964 olim
229 2902 357 2980 Leleges
374 2903 529 2981 appellati,
548 2923 601 2983 per
617 2922 692 2985 quos
708 2908 798 2966 amnis
816 2904 961 2983 Cephisus
975 2905 1107 2964 defertur
1123 2906 1153 2965 in

146 3006 235 3048 mare.
264 2987 372 3067 oppida
389 2984 486 3065 Opus,
504 2989 580 3049 unde
597 2999 627 3048 et
644 2991 722 3049 sinus
738 2989 889 3068 Opuntius,
907 2986 1015 3062 Cynos.
1044 2987 1153 3049 Phoci·

148 3071 191 3130 dis
214 3073 243 3130 in
263 3071 349 3131 litore
375 3090 458 3131 unum
484 3071 632 3151 Daphnus.
661 3075 802 3133 introrsus
826 3082 924 3132 autem
935 3070 1034 3131 Larisa
1045 3070 1152 3132 Elatea

118 3164 177 3215 tet
196 3157 226 3213 in
249 3157 311 3232 ripa
338 3153 473 3234 Cephisi,
502 3166 533 3216 ut
560 3158 695 3231 diximus,
722 3147 836 3231 Lilaea,
863 3155 1054 3234 Delphosque
1083 3174 1186 3217 ver-aa

65 3235 70 3243 “
146 3255 198 3297 sae
215 3234 330 3297 Cnemis
354 3248 383 3298 et
397 3239 576 3318 Hyampolis.
604 3258 703 3299 rursus
718 3240 875 3299 Locrorum
890 3257 958 3314 ora,
979 3241 1008 3297 in
1024 3256 1080 3317 qua
1095 3237 1149 3300 La-

144 3337 261 3396 rumna,
290 3321 461 3398 Thronium,
488 3325 566 3385 iuxta
591 3323 669 3401 quod
692 3323 834 3401 Boagrius
856 3326 950 3382 'amnis
971 3322 1104 3382 defertur
1120 3324 1151 3382 in

148 3421 235 3463 mare.
262 3406 371 3484 oppida
393 3404 554 3482 Narycum,
571 3403 682 3485 Alope,
704 3407 856 3486 Scarphia.
886 3414 990 3485 postea
1007 3403 1150 3467 Maliacus
