2400 3856
124 163 185 226 208
466 171 495 217 o.
516 170 612 217 sunu
635 170 785 219 sucorum

83 344 133 397 116
141 332 251 391 Dianae
269 329 407 406 conplexi
424 346 441 387 e
464 328 587 388 diversis
602 325 770 402 regionibus
785 326 843 395 duo
859 324 1046 385 Selenuntes.
1085 325 1133 385 Ab

124 414 243 492 Epheso
258 411 375 472 Matium
391 412 468 471 aliud
485 409 731 488 Colophoniorum
746 419 775 468 et
793 410 867 469 intus
882 410 946 488 ipsa
962 407 1133 488 Colophon,

123 497 232 557 Haleso
249 495 402 556 adfluente.
436 494 502 553 inde
513 493 660 572 Apollinis
677 491 765 553 Clarii
781 493 886 568 lanum,
902 491 1050 553 Lebedos.
1078 493 1132 554 fuit

126 592 154 642 et
169 581 285 640 Notium
301 580 448 657 oppidum.
481 579 707 656 promunturium
724 575 915 652 Cyrenaeum,
931 594 1014 636 mons
1030 575 1132 637 Mimas

126 664 171 725 CL
185 663 214 723 Μ
230 681 366 743 passuum
387 680 547 722 excurrens
562 670 650 740 atque
672 662 701 720 in
722 660 934 719 continentibus
957 663 1068 738 campis
1084 678 1153 721 re=o

125 749 233 809 sidens.
270 765 327 825 quo
350 748 379 805 in
401 746 469 806 loco
490 743 611 822 Magnus
635 743 805 804 Alexander
825 744 959 803 intercidi
980 744 1132 823 planitiem

125 851 188 893 eam
209 834 332 890 iusserat
346 830 402 890 Vll
424 828 453 889 M
474 829 500 887 D
525 846 661 907 passuum
683 827 878 904 longitudine,
895 835 926 887 ut
943 825 1018 888 duos
1031 827 1132 887 sinuus

84 926 132 980 tlt
142 919 276 991 iungeret
295 913 495 992 Erythrasque
519 930 583 970 cum
600 910 734 971 Mimante
759 911 1013 971 circumfunderet.
1047 910 1131 971 luxta

125 1018 176 1061 eas
192 1000 307 1058 luerunt
322 997 429 1076 oppida
444 995 583 1070 Pteleon,
605 993 712 1070 Helos,
731 994 859 1071 Dorion,
882 1011 957 1053 nunc
974 1003 1020 1053 est
1033 993 1131 1054 Aleon

125 1085 243 1157 lluvius,
273 1079 456 1154 Corynaeum
481 1077 623 1137 Mimantis
651 1081 892 1156 promuntorium,
922 1075 1129 1154 Clazomenae,
1139 1096 1162 1137 10

125 1167 277 1227 Partheuie
302 1173 331 1222 et
352 1163 453 1241 Hippi,
482 1158 695 1239 Chytrophoria
722 1161 904 1240 appellatae,
931 1179 995 1220 cum
1016 1162 1130 1222 insulae

126 1256 234 1309 essent.
272 1246 441 1306 Alexander
462 1245 537 1304 idem
559 1263 613 1323 per
639 1245 695 1304 duo
717 1245 809 1305 stadia
831 1247 989 1304 continenti
1010 1245 1128 1305 adiecit.

124 1333 265 1392 interiere
289 1330 363 1389 intus
379 1328 518 1407 Daphnus
535 1337 563 1387 et
578 1327 730 1388 Hermesta
752 1336 780 1387 et
796 1329 926 1407 Sipylum
943 1329 1022 1407 quud
1045 1338 1131 1390 antea

125 1415 252 1475 Tantalis
267 1413 444 1489 vocabatur,
468 1421 555 1489 caput
568 1410 736 1487 Maeoniae,
758 1411 808 1471 ubi
827 1431 902 1471 nuno
924 1420 970 1472 est
994 1421 1130 1490 stagnum

125 1498 202 1558 Sale.
246 1498 318 1557 obiit
346 1506 374 1556 et
398 1495 613 1575 Archaeopolis
638 1494 793 1554 substituta
814 1494 916 1573 Sipylo
940 1505 970 1554 et
993 1496 1062 1556 iude
1084 1496 1128 1556 illi
1138 1510 1162 1550 15

84 1580 236 1659 llitColpe
260 1590 289 1640 et
309 1581 375 1641 huic
395 1577 513 1639 Libade.
562 1578 805 1656 degredientibus
827 1579 893 1638 inde
914 1579 1000 1639 abest
1019 1578 1076 1638 ΧΠ
1098 1578 1129 1638 Μ

126 1685 260 1737 passuum
276 1664 311 1723 ab
327 1663 473 1722 Amazone
491 1663 616 1737 condita,
631 1662 763 1721 restituta
781 1661 816 1722 ab
832 1661 1011 1738 Alexandro,
1029 1664 1058 1721 in
1077 1680 1128 1722 ora

126 1750 265 1823 Zmyrna,
293 1765 374 1806 amne
397 1744 507 1805 Melete
527 1747 658 1823 gaudens
681 1762 738 1804 non
762 1745 867 1823 procul
890 1755 964 1804 orto.
1011 1745 1127 1806 Montes

124 1833 213 1892 Asiae
228 1831 399 1891 nobilissimi
416 1831 444 1888 iu
459 1830 517 1889 hoo
537 1838 630 1889 tractu
652 1829 716 1889 lere
738 1829 886 1907 explicant
901 1847 942 1887 se.
974 1827 1125 1905 Mastusia,

126 1936 141 1976 a
160 1926 245 1992 tergo
263 1914 404 1990 Zmyrnae
427 1922 456 1972 et
474 1913 632 1988 Termetis,
660 1911 775 1990 Olympi
797 1911 942 1971 radicibus
966 1914 1072 1982 iunctis
1096 1915 1159 1973 inm

124 2000 259 2059 Dracone
277 1999 395 2071 desinit,
411 1996 507 2055 Draco
527 1998 555 2054 iu
573 1995 689 2070 Tmolo,
708 1995 825 2055 Tmolus
840 1996 869 2054 in
885 1993 1009 2071 Cadmo,
1028 1997 1081 2056 ille
1098 1997 1126 2055 in

84 2081 249 2145 119'l'auro.
281 2081 307 2138 A
327 2080 449 2154 Zmyrna
466 2079 589 2138 Hermus
605 2096 723 2156 campos
746 2079 815 2138 lacit
831 2088 860 2137 et
879 2080 984 2138 nomini
1006 2098 1059 2139 suo
1076 2080 1124 2140 ad-

125 2172 215 2241 optat.
230 2165 405 2221 orituriuxta
413 2160 571 2236 Dorylaum
578 2161 881 2238 Phrygiaecivitatem,
891 2161 1056 2242 multosque
1064 2162 1123 2223 col·

125 2247 188 2322 ligit
202 2244 316 2321 fluvios,
330 2247 404 2303 inter
417 2261 490 2321 quos
498 2243 641 2320 Phrygem
654 2247 703 2323 qui
715 2247 830 2304 nomine
840 2248 919 2322 genti
931 2246 999 2305 dato
1013 2244 1124 2307 aCaria

126 2347 188 2389 eam
204 2329 397 2404 disterminat,
422 2327 537 2402 Hyllum
558 2337 587 2390 et
605 2326 718 2403 Cryon,
744 2338 773 2387 et
787 2331 868 2407 ipsos
885 2329 1045 2406 Phrygiae,
1062 2329 1157 2405 My-as

125 2416 203 2489 siae,
230 2411 338 2488 Lydiae
366 2411 496 2471 amnibus
519 2413 660 2491 repletos.
702 2412 755 2472 luit
780 2413 808 2470 in
829 2430 881 2471 ore
903 2413 964 2471 eius
986 2415 1124 2492 oppidum

125 2496 265 2574 Temnos,
289 2515 363 2555 nunc
380 2498 408 2554 in
429 2505 559 2555 extremo
576 2498 638 2554 sinu
654 2495 816 2571 Myrmeces
833 2497 962 2574 scopuli,
985 2497 1125 2575 oppidum

126 2581 239 2640 Leucae
257 2581 285 2638 in
299 2582 497 2657 promunturio
513 2580 591 2656 quod
609 2580 701 2639 insula
725 2579 778 2638 fuit
793 2578 915 2658 finisque
936 2579 1034 2640 Ioniae
1049 2580 1124 2642 Pho-

81 2675 225 2726 itooaea.
272 2662 461 2737 Zmyrnaeum
488 2672 659 2722 conventum
684 2681 787 2739 magua
808 2681 875 2740 pars
896 2662 1020 2723 Aeoliae
1048 2680 1125 2742 quae

125 2762 192 2803 mox
209 2744 320 2803 dicetur
335 2745 514 2822 frequentat,
541 2755 715 2823 praeterque
731 2744 907 2805 Macedones
927 2746 1053 2821 Hyrcani
1076 2757 1157 2808 co-ao

126 2828 281 2904 gnomiuati
303 2836 332 2885 et
353 2825 537 2903 Magnetesa
562 2829 673 2906 Sipylo.
708 2847 808 2888 verum
832 2829 980 2908 Ephesum
1003 2830 1126 2890 alterum

126 2912 220 2970 lumen
240 2910 330 2969 Asiae
349 2912 522 2970 remotiores
538 2913 710 2972 conveniunt
728 2909 950 2989 Caesarienses,
975 2910 1126 2992 Metropo-

125 2995 204 3071 litae,
222 2991 345 3053 Cilbiani
361 2994 515 3054 inferiores
534 3004 564 3056 et
579 2997 758 3075 superiores,
774 2994 1048 3072 Mysomaocdoues,
1066 2995 1125 3057 Ma·

125 3087 309 3153 staurenses,
323 3078 484 3156 Briullitae,
495 3078 682 3158 Hypaepeni,
697 3079 900 3139 Dioshierltae.

84 3172 133 3224 121
219 3159 269 3222 30.
295 3163 376 3242 (32.)
399 3161 501 3222 Aeolis
518 3166 650 3241 proxima
682 3171 744 3238 est,
772 3163 914 3241 quondam
948 3162 1042 3239 Mysia
1075 3177 1159 3241 apes

126 3245 250 3321 pellata,
277 3255 307 3304 et
328 3264 401 3324 quae
418 3246 609 3325 Hellesponto
627 3246 740 3306 adiacet
757 3245 858 3306 l'roas.
897 3245 936 3305 ibi
958 3245 1126 3305 uPhocaea

125 3326 266 3388 Ascanius
292 3339 401 3404 portus.
447 3331 511 3389 dein
532 3330 627 3390 iuerat
645 3328 759 3407 Larisa,
787 3339 852 3390 sunt
875 3327 980 3405 Cyme,
1013 3327 1127 3403 Myrina

125 3428 199 3488 quae
209 3411 426 3490 Sebastopolim
438 3430 471 3470 se
483 3420 579 3485 vocat,
600 3420 629 3470 et
642 3413 717 3470 intus
730 3414 881 3491 Aegaeae,
893 3411 977 3489 ltale,
986 3412 1125 3489 Posidea,
