2400 3856
431 205 511 253 unr.
535 205 626 254 mss.
650 205 701 253 111.
725 197 751 253 1.
772 190 880 270 (a-a.)
1087 188 1147 253 125

138 361 273 421 Raeticae
288 360 408 438 primum
421 357 456 418 ab
469 357 654 436 Ossigetania
666 359 777 419 inlusus
789 377 912 420 amoeno
924 358 1044 420 blandus
1056 358 1142 420 alveo

138 445 372 507 crebrisdcxtra
389 444 531 521 laevaque
543 443 685 504 adcolitur
698 442 822 521 oppidis.
847 442 1046 504 celeberrima
1063 445 1140 513 inter
1152 452 1185 503 10

138 528 212 588 hunc
228 537 257 588 et
275 529 377 590 oceani
398 545 478 588 oram
499 529 529 588 in
548 527 762 589 mediterraneo
779 526 886 604 Segida
904 546 977 605 quac
994 527 1143 604 Augurina

138 614 373 690 cognominatur,
388 611 461 671 lulia
477 629 551 689 quae
566 611 715 687 Fidentia,
730 609 829 688 Urgao
846 629 919 689 quae
936 611 1028 688 Alba,
1045 610 1142 672 Ebura

111 712 124 753 c
139 714 212 774 quae
225 694 360 772 Cerialis,
371 695 487 755 Iliberri
504 695 581 773 quod
593 693 734 771 Liberiui,
746 694 849 772 llipula
861 713 935 772 quae
946 693 1032 768 Laus,
1046 694 1143 772 Artigi

138 780 215 857 quod
229 779 385 854 Iulienses,
401 779 491 839 Vesci
512 779 589 857 quod
611 776 759 855 Faventia,
775 777 890 855 Singili,
906 778 1032 855 Ategua,
1048 777 1142 838 Arial-

136 864 252 940 dunum,
260 863 337 940 Agla
345 861 451 940 Minor,
459 863 585 941 Baebro,
594 861 832 938 CastraVinaria,
841 860 1034 937 Cisimbrium,
1047 860 1142 941 Hippo

137 947 231 1025 Nova,
250 947 369 1024 lllurco,
387 946 473 1024 Osca,
489 946 600 1026 Oscua,
616 947 752 1024 Sucaelo,
770 944 957 1023 Unditanum,
974 945 1061 1005 Tucci
1084 946 1143 1007 Ve-

138 1040 201 1109 tus,
224 1033 318 1091 omnia
333 1028 519 1092 bastetaniae
536 1035 686 1110 vergentis
707 1032 743 1092 ad
762 1039 1053 1110 mare,·convcntuus
1070 1049 1143 1091 vero

102 1137 127 1177 ro
138 1113 344 1176 Cordubensis.
390 1117 467 1176 circa
481 1115 586 1177 llumon
607 1119 701 1196 ipsum
717 1115 815 1194 Ossigi
831 1115 908 1194 quod
925 1116 1144 1194 cognominatur

136 1197 316 1275 Latonitum,
338 1199 463 1277 llliturgi
485 1201 563 1279 quod
578 1201 684 1262 Forum
700 1200 816 1278 lulium,
838 1199 921 1279 lpra,
937 1201 1044 1278 Isturgi
1064 1200 1142 1279 quod

137 1282 339 1362 Triumphale,
358 1283 443 1343 Sucia
459 1293 490 1344 et
505 1284 589 1345 XVII
603 1284 632 1344 M
648 1303 783 1364 passuum
799 1292 940 1345 remotum
959 1288 987 1344 in
1008 1285 1141 1345 mediter·

136 1385 226 1427 raneo
242 1365 355 1427 Obulco
371 1368 448 1446 quod
463 1366 659 1428 Pontificense
674 1367 846 1445 appellatur,
861 1386 930 1427 mox
943 1368 1029 1447 Ripa,
1044 1367 1142 1447 Epora

137 1452 365 1528 foederatorum,
376 1450 463 1511 Sacili
475 1450 658 1527 Martialium,
671 1449 773 1510 Onoba
787 1458 817 1510 et
828 1450 930 1511 dextra
942 1450 1076 1512 Corduba
1093 1470 1141 1513 co·

103 1556 127 1594 15
137 1535 214 1596 ionia
231 1535 354 1596 Patricia
369 1537 560 1612 cognomine,
576 1534 643 1617 inde
660 1536 781 1613 primum
794 1535 951 1612 navigabili
967 1535 1074 1612 baete,
1090 1554 1141 1615 op·

135 1619 201 1697 pida
216 1616 359 1695 Carbula,
375 1618 517 1695 Decuma,
534 1617 637 1679 fluvius
659 1618 795 1697 Singilis,
815 1619 919 1679 eodem
933 1620 1031 1680 Baetis
1048 1619 1141 1680 latere

135 1703 275 1763 incidens.
313 1703 419 1781 oppida
435 1701 617 1781 Hispalensis
634 1711 815 1770 conventuus
831 1701 917 1780 Celti,
933 1703 1032 1780 Axati,
1047 1702 1138 1780 Arua,
1153 1711 1182 1763 ll

136 1785 273 1864 Canama,
285 1785 368 1863 Evia,
379 1785 452 1865 llipa
467 1788 639 1864 cognomine
652 1786 736 1865 [Ilpa]
755 1786 864 1865 Italica,
878 1795 907 1847 et
922 1788 1029 1848 alaeva
1040 1787 1140 1866 Hispal

135 1870 250 1930 colonia
275 1872 449 1948 cognomine
466 1870 668 1946 Romulensis,
695 1889 730 1931 ex
749 1871 874 1930 adverso
900 1871 1035 1950 oppidum
1053 1870 1141 1931 Osset

100 1955 213 2032 eoquod
228 1955 449 2030 cognominatur
463 1954 535 2014 lulia
545 1953 725 2031 Constantia,
741 1952 916 2032 burgentum
932 1954 1006 2034 quod
1019 1955 1072 2015 Iuli
1086 1954 1140 2016 Ge·

24 2032 31 2039 ’
134 2041 209 2116 nius,
222 2037 345 2117 Orippo,
359 2036 463 2116 Caura,
479 2040 603 2115 Siarum,
620 2037 723 2098 fluvius
739 2036 882 2098 Maenuba
896 2039 977 2098 Baeti
995 2048 1023 2098 et
1041 2042 1105 2118 ipse
1124 2060 1141 2101 a

100 2157 102 2161 ·
133 2122 468 2184 dextrolatereiniusus.
482 2121 1141 2201 atinteraestuariaBactisoppidumNebrissa

133 2208 307 2284 cognomine
326 2207 454 2286 Veneria
470 2216 500 2269 et
515 2205 682 2285 Colobana,
699 2207 834 2267 coloniae
852 2206 942 2266 Hasta
958 2224 1031 2285 quae
1046 2207 1140 2284 Regia

135 2291 238 2349 dicitur
261 2299 291 2350 et
313 2292 343 2349 iu
362 2292 578 2351 mediterraneo
595 2290 686 2351 Asido
709 2309 784 2368 quae
801 2288 965 2350 Caesarina.
1019 2288 1137 2368 Singilis
1152 2300 1183 2350 12

10 2429 13 2437 ,
100 2392 124 2432 aa
136 2373 238 2431 lluvius
254 2374 284 2431 in
299 2373 410 2433 Baetim
425 2391 482 2450 quo
499 2375 604 2434 dictum
622 2381 668 2433 est
685 2374 785 2432 ordine
801 2374 984 2450 inrumpens,
1001 2372 1192 2450 Astigita·1o·

134 2475 196 2516 nam
209 2455 358 2514 coloniam
373 2455 463 2516 adluit
481 2457 655 2532 cognomine
669 2454 830 2530 Augustam
841 2454 974 2530 Firmam,
990 2456 1025 2513 ab
1043 2474 1077 2537 ea
1093 2475 1140 2515 na·

134 2538 277 2616 vigabilis.
315 2537 404 2599 Huius
423 2547 602 2600 conventuus
624 2546 690 2598 sunt
711 2536 841 2614 reliquae
859 2536 991 2597 coloniae
1009 2539 1140 2599 inmunes

134 2623 225 2683 Tucci
236 2641 310 2702 quae
324 2625 543 2701 cognominatur
557 2622 689 2699 Augusta
701 2619 845 2697 Gemella,
859 2620 931 2681 ltuci
949 2640 1022 2700 quae
1037 2621 1137 2703 Uirtus

133 2708 221 2786 Iulia,
244 2707 337 2768 Ucubi
357 2726 431 2786 quae
454 2705 576 2768 Claritas
597 2704 684 2782 Iulia,
705 2703 782 2764 Urso
808 2723 881 2783 quae
903 2704 1140 2768 GenuaUrbano·

99 2819 124 2860 ω
134 2811 210 2870 rum,
226 2795 303 2853 inter
318 2811 392 2871 quac
407 2793 461 2852 luit
475 2790 579 2850 Munda
600 2808 664 2851 cum
678 2789 818 2868 Pompeio
833 2789 893 2850 lilio
912 2799 1002 2869 rapta.
1032 2793 1139 2870 oppida

134 2876 227 2937 libera
248 2876 344 2954 Astigi
361 2875 471 2951 Vetus,
488 2874 628 2953 Ostippo,
650 2874 836 2952 stipendiaria
860 2872 970 2952 Callet,
988 2874 1137 2951 Callicula,

135 2957 236 3019 Castra
252 2959 388 3038 Gemina,
409 2958 510 3038 llipula
523 2957 637 3036 Minor,
658 2957 806 3036 Maracca,
828 2957 968 3035 Sacrana,
986 2957 1138 3034 Obulcula,

134 3040 265 3118 Oningis.
297 3043 343 3104 Ab
361 3062 413 3105 ora
430 3043 559 3102 venienti
576 3060 668 3121 prope
686 3042 857 3103 Maenubam
872 3057 987 3102 amnem·
999 3051 1029 3101 et
1044 3043 1137 3120 ipsum

134 3125 328 3201 navigabilem
339 3127 407 3187 haut
419 3126 521 3205 procul
531 3125 665 3187 adcolunt
676 3125 895 3204 Alontigicaeli,
908 3125 1043 3202 Alastigi.
1063 3144 1136 3203 quae
1147 3134 1180 3187 13

99 3218 230 3272 arantem
246 3212 331 3288 regio
351 3229 366 3270 a
382 3210 472 3271 Baete
489 3209 523 3271 ad
538 3209 653 3270 flurium
667 3210 759 3270 Anam
776 3209 867 3269 tendit
890 3218 973 3269 extra
989 3209 1137 3288 praedicta

132 3294 267 3356 Baeturia
282 3295 446 3374 appellatur
466 3297 496 3355 in
512 3294 581 3356 duas
596 3295 688 3355 divisa
706 3301 804 3372 partes
827 3293 1002 3372 totidemque
1018 3303 1135 3371 gentes,

134 3376 263 3438 Celticos
288 3382 336 3458 qui
360 3379 534 3439 Lusitaniam
556 3380 716 3455 attingunt,
737 3375 918 3454 Hispalensis
943 3387 1134 3456 conventuus,

133 3460 275 3533 Turdulos
304 3465 351 3543 qui
373 3462 547 3524 Lusitaniam
573 3471 604 3524 et
625 3462 873 3523 Tarraconensem
897 3461 1048 3539 adcolunt,
1074 3463 1136 3523 iura
