2400 3856
128 126 193 191 226
476 141 507 190 o.
530 142 626 189 amm
649 141 800 190 saonam

130 296 248 357 Seleuci
275 295 352 356 lilius
380 295 484 356 eodem
515 295 583 356 loco
616 298 745 357 restitnit
774 296 923 373 Syrianam
956 297 1146 362 interfluente

129 380 232 457 Margc
258 382 306 459 qni
327 381 494 440 conrivatur
513 382 541 440 in
563 379 694 440 Zothale.
737 382 762 440 is
782 381 922 442 maluerat
942 381 1021 441 illam
1042 383 1146 445 Antio·

132 465 223 524 chiam
238 464 388 543 appellari.
420 463 500 523 urhis
518 464 675 543 amplitudo
693 466 858 525 circumitur
879 466 981 526 stadiis
994 464 1084 528 Lxx
1117 471 1146 528 iu

131 548 205 610 hanc
225 547 340 609 Orodes
358 547 505 608 Romanos
531 545 684 608 Crassiana
706 547 788 608 clade
806 558 908 628 captos
929 550 1059 611 deduxit.
1099 552 1145 611 Ah

131 632 215 692 huius
237 634 364 693 excelsis
386 651 440 712 per
460 633 527 710 iuga
549 630 668 692 Caucasi
692 633 876 711 protenditur
896 632 931 693 ad
947 637 1075 695 Bactros
1100 650 1177 696 uss

132 735 188 795 que
210 736 284 795 gens
304 716 469 777 Mardorum
492 719 572 793 lera,
601 718 645 776 sui
671 717 750 777 iuris.
787 717 841 776 sub
866 735 903 777 eo
923 726 1018 778 tractu
1038 728 1146 796 gentes

132 800 263 879 Orciani,
294 799 457 878 Commori,
494 801 672 878 Rarungae,
701 799 931 879 llarmatotropi,
967 798 1146 880 Chomarae,

79 893 115 945 48
133 884 267 963 Comani,
288 884 499 962 Marrasiarae,
518 885 697 946 Mandruani.
733 885 848 944 llumina
870 884 1036 964 Mandrum,
1060 884 1146 947 Chin-

132 970 229 1046 drnm,
261 971 395 1049 ultraque
428 967 596 1043 Chorasmi,
626 966 767 1045 Candaei,
803 968 950 1046 Paricani,
985 968 1146 1052 Sarangae‚

132 1054 266 1131 Arasmi,
281 1052 451 1128 Marotiani,
466 1053 553 1127 Arsi,
570 1050 651 1112 Caeli
668 1070 742 1130 quos
758 1052 862 1114 Graeci
884 1051 1027 1114 Cadusios
1044 1055 1176 1134 appel-1

132 1138 249 1211 lavere,
264 1137 390 1196 Matiani.
425 1136 562 1214 oppidum
582 1135 724 1196 Heraclea
742 1137 777 1197 ab
800 1136 969 1197 Alexandro
987 1138 1145 1216 conditum,

132 1221 210 1298 quod
226 1221 332 1280 deinde
351 1221 523 1280 subversum
542 1238 576 1280 ac
591 1222 755 1280 restitutum
771 1220 933 1280 Antiochus
949 1220 1082 1282 Achaida
1097 1241 1145 1301 ap·

132 1303 261 1383 pellarit.
300 1303 444 1364 Derbices
466 1322 587 1382 quorum
609 1305 722 1364 medios
744 1305 817 1364 lines
842 1313 924 1365 secat
951 1303 1031 1365 Oxus
1053 1309 1145 1367 amnis

134 1397 215 1448 ortus
237 1390 266 1447 in
290 1387 353 1447 lacu
379 1386 478 1465 Oaxo,
507 1388 673 1465 Syrmatae‚
700 1387 882 1466 Oxyttagae,
910 1389 1003 1465 Moci,
1030 1388 1145 1461 Bateni,

133 1473 310 1550 Saraparae,
331 1472 427 1532 Bactri
449 1489 571 1550 quorum
589 1473 724 1551 oppidum
747 1472 915 1552 Zariastes,
938 1472 1016 1552 quod
1039 1483 1145 1552 postea
1158 1487 1181 1530 m

132 1557 277 1632 Bactrum,
292 1575 308 1616 a
321 1557 435 1616 llumine
448 1557 623 1636 appellatum
642 1565 698 1617 est.
721 1554 799 1616 (lens
816 1556 888 1617 haec
907 1557 1023 1635 optinet
1040 1576 1146 1619 aversa

132 1643 238 1700 montis
254 1641 423 1718 Paropanisi
440 1642 619 1701 exadversus
641 1642 738 1700 fontes
755 1640 833 1717 lndi,
855 1640 1010 1701 includitur
1028 1641 1145 1702 flumine

81 1732 116 1784 49
132 1724 221 1784 Ocho.
255 1722 338 1784 Ultra
361 1724 517 1802 Sogdiani,
543 1723 678 1803 oppidum
696 1723 790 1784 Panda
811 1733 841 1785 et
862 1725 890 1784 in
913 1724 1020 1784 ultimis
1044 1744 1146 1785 eorum

133 1809 237 1868 linibus
256 1808 431 1868 Alexandria
451 1809 487 1868 ab
506 1809 675 1869 Alexandro
692 1807 797 1886 Magno
812 1810 966 1870 conditum.
1000 1808 1083 1870 Arae
1104 1810 1144 1869 ibi

133 1893 255 1954 suntab
276 1892 403 1953 Hercule
427 1911 459 1952 ac
480 1891 589 1953 Libero
606 1892 693 1953 Patre
709 1894 902 1969 constitutae,
926 1894 996 1952 item
1017 1890 1100 1970 Cyro
1116 1901 1180 1954 ets

133 1977 319 2036 Samiramide
335 1986 422 2055 atque
440 1976 626 2052 Alexandro,
648 1977 712 2036 linis
729 1978 853 2037 omniurn
870 1994 971 2036 eorum
987 1977 1092 2037 ductus
1108 1978 1156 2036 ah·

133 2060 182 2118 illa
199 2069 282 2138 parte
298 2068 450 2135 terrarum,
468 2059 634 2120 includente
651 2060 766 2123 flumine
781 2061 908 2137 laxante,
924 2060 1001 2140 duod
1017 2061 1145 2137 Scythae

134 2142 216 2201 Silim
227 2151 344 2218 vocant,
356 2142 526 2203 Alexander
536 2143 701 2221 militesque
715 2146 778 2203 eius
787 2144 896 2204 Tanain
909 2153 1052 2221 putavere
1065 2163 1144 2204 esse.

134 2225 311 2285 transcendit
337 2244 401 2286 eum
427 2244 537 2286 amnem
565 2226 771 2326 Demodamas,
801 2227 918 2289 Seleuci
950 2236 980 2286 et
1004 2227 1144 2288 Antiochi

133 2328 235 2388 regum
250 2310 324 2387 dax,
345 2328 429 2388 quem
446 2311 568 2371 maxime
585 2312 732 2390 sequimur
747 2314 776 2387 io
791 2311 835 2371 his
842 2355 852 2390 ,
870 2329 993 2390 arasque
1011 2310 1143 2392 Apollini
1155 2323 1179 2367 ts

133 2394 292 2470 Didymaeo
308 2396 418 2455 statuit.

82 2487 117 2539 50
198 2477 245 2540 17.
272 2478 355 2578 (19.)
386 2478 469 2540 Ultra
500 2489 567 2540 sunt
592 2479 759 2558 Scytharum
786 2481 896 2579 populi
938 2442 1050 2541 Persae
1077 2481 1144 2543 illos

32 2592 37 2601 ·
134 2563 253 2640 Sagas'
245 2582 274 2622 m
295 2566 460 2623 universum
490 2564 678 2662 appellavere
703 2583 719 2623 a
744 2567 876 2642 proxima
899 2573 1007 2641 gente,
1035 2565 1144 2644 antiqui

133 2648 277 2706 Aramios.
313 2647 467 2723 Scythae
458 2650 516 2726 rpsi
531 2647 637 2708 Persas
653 2645 816 2707 Chorsaros
838 2657 868 2708 et
892 2646 1051 2707 Caucasum
1067 2666 1146 2708 mon·

134 2739 193 2790 tem
215 2726 398 2807 Croucasim,
421 2731 477 2790 hoc
504 2740 550 2790 est
570 2729 639 2791 nive
653 2731 811 2791 candidum.
850 2730 1002 2791 Multitudo
1018 2732 1176 2811 populo-to

134 2832 196 2873 rum
211 2815 358 2873 innumera
375 2821 405 2872 et
421 2832 495 2891 quae
512 2832 573 2874 oum
589 2815 702 2875 Parthis
719 2833 865 2893 exaequo
882 2816 978 2892 degat.
1008 2815 1144 2876 celeber·

134 2899 196 2957 rimi
213 2915 313 2957 eorum
328 2896 436 2972 Sacae,
451 2895 654 2976 Massagetae,
670 2898 786 2974 Dahae,
802 2898 987 2977 Essedones,
1005 2899 1144 2975 Astacae,

134 2981 276 3059 Rumnici,
292 2981 410 3060 Pestici,
425 2980 593 3060 Homodoti,
611 2982 696 3058 Histi,
710 2982 840 3059 Edones‚
857 2980 973 3058 Camae,
991 2980 1144 3059 Camacae,

129 3065 296 3144 Euchatae,
315 3064 444 3143 Cotieri,
462 3066 651 3143 Anthusiani,
666 3067 792 3142 Psecas,
813 3066 975 3145 Arimaspi,
995 3067 1142 3140 Antacati,

132 3148 290 3227 Chrcasai,
312 3149 425 3210 Oetaei.
463 3150 507 3219 lbi
532 3150 643 3229 Napaei
665 3153 803 3211 interisse
825 3151 958 3211 dicuntur
979 3169 995 3211 a
1014 3149 1175 3211 Palaeistt

79 3241 112 3295 ol
131 3232 248 3311 Nobilia
269 3235 345 3312 apud
367 3252 420 3293 eos
445 3234 559 3293 llumina
579 3234 801 3312 Mandragaeum
822 3244 851 3295 et
873 3232 1041 3313 Caspasum.
1088 3252 1142 3294 nec

131 3319 160 3376 in
177 3317 232 3378 alia
248 3325 331 3396 parte
347 3320 439 3378 maior
453 3327 600 3378 auctorum
617 3320 825 3396 inconstantia,
846 3318 935 3379 credo
952 3327 1078 3397 propter
1101 3320 1142 3379 in·

130 3418 266 3461 numeras
293 3419 442 3480 vagasque
469 3411 585 3479 gentes.
625 3400 763 3462 Haustum
788 3404 881 3482 ipsius
913 3403 1001 3462 maris
1027 3403 1143 3464 daleam
