2400 3856
383 191 463 236 uhu.
486 191 577 238 meu.
599 192 646 236 vr.
669 183 712 241 29.
737 175 875 257 (au-35.)
1072 175 1135 239 253

126 345 287 404 invenimus
304 362 362 422 quo
379 338 505 405 dicemus
522 344 640 404 ordine:
657 344 784 422 Pselcin,
799 345 903 422 Primi,
918 345 1062 421 Bocchin,
1079 345 1134 404 Fo-

127 447 188 488 rum
208 425 376 503 Cambusis,
393 428 556 503 Attenlam,
575 428 748 504 Stadissim,
772 430 818 489 ubi
836 428 918 488 Nilus
938 430 1134 508 praecipitans

127 531 160 572 se
177 513 296 589 fragore
316 511 440 571 auditum
458 511 565 570 accolis
588 513 690 571 aufert.
726 512 843 591 diripuit
864 522 894 572 et
909 513 1031 589 Napata.
1062 512 1185 572 lon-182

125 597 245 671 gissime
260 605 356 655 autem
374 615 390 654 a
407 595 504 670 Syene
529 612 706 673 progressus
732 605 778 656 est
792 594 976 656 DCCCLXX
990 596 1048 654 mil.
1070 615 1133 674 pas-

95 697 219 741 ssuum.
259 698 314 740 uec
338 688 433 739 tamen
460 696 536 738 arma
557 679 685 738 Romana
711 680 751 738 ibi
779 679 963 739 solitudinem
989 681 1134 756 iecerunt,

126 764 340 840 Aegyptiorum
358 762 443 823 bellis
459 765 556 821 attrita
572 770 618 821 est
629 762 787 841 Aethiopia
802 765 929 822 vicissim
943 763 1134 842 imperitando

128 846 360 925 serviendoque,
383 846 459 906 clara
483 854 513 906 et
528 855 633 923 potens
651 849 738 906 etiam
757 865 848 924 usque
865 848 899 906 ad
915 846 1038 906 Troiana
1057 846 1134 906 bella

126 929 278 990 Memnone
293 939 443 1007 regnante.
467 930 605 1005 etSyriae
614 932 796 1008 imperitasse
809 948 871 989 eam
882 940 1042 1007 nostroque
1055 930 1133 989 litori

127 1022 223 1074 aetate
238 1016 316 1092 regis
334 1013 445 1093 Cephei
462 1022 543 1092 patet
560 1014 764 1074 Andromedae
779 1014 893 1074 fabulis.
928 1014 1019 1073 Simili
1038 1013 1122 1073 modo
1137 1023 1186 1076 183

88 1105 158 1158 1oet
184 1097 220 1157 de
246 1117 380 1158 mensura
407 1101 469 1158 eius
494 1099 573 1158 varia
602 1099 774 1176 prodidere,
800 1099 908 1176 primus
934 1097 1039 1157 Dalion
1060 1097 1134 1156 ultra

125 1179 247 1242 Meroen
262 1182 351 1259 louge
367 1183 541 1259 subvectus,
552 1201 620 1242 mox
635 1183 829 1243 Aristooreon
844 1191 875 1242 et
887 1182 961 1242 Bion
977 1190 1007 1241 et
1018 1181 1134 1257 Basilis,

127 1265 290 1324 Simonides
306 1268 399 1323 minor
421 1268 506 1325 etiam
523 1268 719 1343 quinquennio
741 1269 769 1326 in
784 1266 887 1326 Meroe
902 1275 1048 1343 moratus,
1072 1283 1135 1325 cum

126 1347 162 1407 de
177 1348 336 1426 Aethiopia
352 1348 506 1410 scriberet.
540 1366 603 1408 nam
621 1349 824 1418 Timosthenes
844 1351 978 1410 classium
994 1349 1134 1410 Philadel-

126 1431 174 1510 phi
190 1432 356 1510 praeieotus
373 1433 436 1490 sine
454 1450 587 1491 mensura
603 1432 713 1492 dierum
729 1431 780 1492 LX
795 1451 810 1492 a
826 1433 923 1509 Syene
939 1433 1062 1493 Meroen
1077 1435 1135 1492 iter

88 1537 112 1575 15
127 1515 269 1592 prodidit,
292 1514 504 1576 Eratosthenes
522 1513 659 1576 DCXXV
680 1516 751 1591 mih,
772 1516 974 1576 Artemidorus
997 1515 1047 1575 DC
1063 1515 1134 1592 mil,

126 1600 257 1659 Sebosus
274 1598 309 1657 ab
321 1598 451 1677 Aegypti
466 1601 605 1660 extremis
617 1602 694 1683 ’ἰν-η
709 1599 815 1659 LXXII
830 1600 886 1659 mil.
897 1618 1043 1678 passuum,
1058 1599 1134 1658 unde

125 1684 258 1762 proxime
270 1682 337 1743 dicti
350 1687 414 1766 y‘ffiy
427 1682 448 1742 L
460 1682 498 1742 M.
528 1702 628 1743 verum
644 1686 735 1742 omnis
748 1683 820 1743 haec
832 1684 911 1743 linita
923 1702 1017 1762 nuper
1029 1684 1125 1761 dispu·
1139 1693 1187 1745 184

125 1770 198 1827 tatio
222 1775 283 1843 est,
313 1769 481 1844 quoniame
502 1767 600 1841 Syene
625 1765 895 1827 DCCCCXXXXV
916 1768 992 1827 milia
1007 1766 1133 1827 Neronis

126 1851 332 1928 exploratores
354 1852 559 1911 renuntiavere
582 1850 627 1910 his
642 1851 752 1910 modis:
777 1869 792 1910 a
814 1852 912 1927 Syene
928 1850 1036 1911 Hieran
1054 1869 1136 1925 syca-

86 1952 113 1992 20
127 1935 222 1994 minon
237 1933 314 1993 Lllll
331 1934 387 1993 mil.
405 1953 496 2013 pass,
517 1935 583 1994 inde
600 1933 686 1994 Tama
701 1934 808 1994 LXXll
825 1934 885 1995 mil.
908 1954 984 2013 pass.
1010 1937 1134 2011 regione

99 2061 101 2065 -
126 2017 321 2092 Euonymiton
340 2017 534 2096 Aethiopum,
556 2017 641 2077 Primi
665 2017 760 2097 CXX,
785 2018 904 2079 Aoinum
930 2018 1035 2080 LXllll
1062 2017 1133 2095 mih,

126 2101 249 2161 Pitanem
264 2100 364 2178 XXll,
381 2102 545 2180 Tergedum
559 2100 624 2161 Clll
640 2103 727 2163 milia.
756 2102 876 2163 insulam
893 2100 1049 2180 Gagauden
1065 2119 1133 2162 esse

126 2187 155 2245 in
169 2185 264 2245 medio
282 2204 318 2246 eo
341 2193 442 2246 tractu.
476 2185 542 2246 inde
563 2188 683 2264 primum
705 2188 782 2246 visas
799 2205 869 2246 aves
888 2189 1028 2265 psittacos
1045 2195 1076 2247 et
1097 2186 1133 2246 ab

127 2269 235 2345 altera,
256 2286 330 2345 quae
346 2279 465 2329 vocatur
479 2270 628 2341 Articula,
650 2270 751 2329 animal
768 2271 941 2348 sphingion,
963 2289 978 2330 a
996 2269 1133 2347 Tergedo

87 2368 113 2408 as
127 2351 352 2429 cynocephalos.
380 2352 447 2412 inde
461 2352 571 2413 Nabata
586 2353 693 2413 LXXX
707 2354 791 2412 milia,
822 2354 956 2432 oppidum
973 2353 1001 2412 id
1016 2372 1133 2431 parvum

127 2437 202 2494 inter
220 2435 367 2513 praedicta
383 2436 485 2500 solum.
513 2437 549 2496 ab
567 2455 603 2496 eo
619 2437 653 2496 ad
669 2437 789 2496 insulam
804 2436 926 2497 Meroen
943 2434 1068 2496 CCCLX
1083 2436 1122 2495 M.
1135 2448 1185 2500 185

127 2519 233 2578 herbas
248 2519 326 2579 eirca
346 2518 468 2580 Meroen
486 2520 596 2580 demum
619 2521 791 2598 viridiores,
813 2521 1007 2599 silvarumque
1027 2520 1133 2599 aliquid

127 2605 296 2681 apparuisse
314 2612 344 2662 et
361 2603 574 2664 rhinocerotum
589 2605 867 2683 elephantorumque
882 2607 1016 2681 vestigia.
1040 2607 1133 2682 ipsum

128 2685 262 2765 oppidum
280 2686 402 2747 Meroen
420 2689 455 2747 ab
477 2689 596 2748 introitu
615 2688 725 2747 insulae
746 2688 853 2748 abesse
869 2687 947 2747 LXX
968 2689 1026 2747 mil.
1043 2706 1133 2766 pass,

88 2786 113 2826 so
127 2772 264 2849 iuxtaque
280 2770 362 2830 aliam
378 2771 499 2831 insulam
515 2771 593 2831 Tadu
610 2772 713 2831 dextro
731 2772 920 2831 subeuntibus
937 2772 1043 2848 alveo,
1060 2789 1133 2850 quae

127 2863 241 2932 portum
263 2855 386 2915 faceret.
423 2855 553 2915 aedilicia
578 2856 676 2934 oppidi
699 2872 800 2934 pauca.
843 2874 967 2932 regnare
989 2856 1122 2915 feminam
1136 2864 1186 2918 188

127 2934 294 3013 Candacen,
325 2938 400 3015 quod
421 2957 525 2998 nomen
540 2939 636 2998 multis
657 2940 711 2998 iam
729 2940 809 2998 anuis
826 2939 859 2998 ad
875 2941 992 3015 reginas
1011 2941 1133 2999 transiit,

127 3020 277 3081 delubrum
291 3021 455 3082 Hammonis
475 3031 505 3082 et
522 3023 561 3081 ibi
583 3023 752 3100 religiosum
773 3031 803 3081 et
820 3031 882 3082 toto
906 3031 998 3081 tractu
1017 3023 1134 3084 sacella.

126 3113 228 3164 cetero
250 3124 314 3165 cum
337 3108 503 3184 potirentur
522 3125 616 3165 rerum
638 3107 819 3184 Aethiopes,
844 3105 936 3165 insula
959 3126 992 3167 ea
1014 3126 1133 3185 magnae

89 3203 114 3242 cs
129 3187 269 3248 claritatis
285 3191 346 3248 luit.
379 3189 492 3249 tradunt
505 3199 677 3249 armatorum
693 3188 764 3249 CCL
779 3190 836 3250 mil.
853 3190 922 3250 dare
940 3192 1071 3266 solitam,
1091 3210 1135 3250 ar·

127 3271 233 3331 tilicum
243 3271 283 3331 lll
295 3272 324 3332 M
337 3272 426 3332 alere.
453 3292 541 3351 reges
555 3273 731 3351 Aethiopum
744 3273 822 3333 XLV
838 3284 868 3334 et
880 3274 965 3335 hodie
977 3275 1148 3339 traduntur„

190 3353 240 3418 30.
262 3355 406 3416 Universa
427 3374 499 3416 vero
520 3376 594 3434 gens
614 3356 755 3416 Aetheria
772 3358 918 3436 appellata
935 3368 997 3433 est,
1019 3357 1123 3417 deinde
1137 3363 1185 3415 187

126 3437 268 3515 Atlantia,
283 3457 378 3500 moxa
394 3439 515 3500 Volcani
531 3441 591 3501 lilio
605 3439 754 3518 Aethiope
770 3441 937 3520 Aethiopia.
963 3440 1134 3501 Animalium
