2400 3856
153 153 213 218 196
508 166 539 216 c.
556 167 652 215 annu
670 165 819 217 sucnunr

102 329 134 381 ol
154 323 273 399 Libyam
294 330 438 383 remotum
458 341 475 383 a
498 322 621 383 flumine.
651 321 719 382 dein
738 321 896 382 Ptolemais
912 328 942 380 et
960 319 1121 400 Panopolis
1138 338 1172 380 ac

154 407 281 467 Veneris
310 408 432 488 iterum,
460 415 490 467 et
516 407 545 465 in
571 405 682 483 Libyco
709 405 826 482 Lycon,
853 405 902 464 ubi
927 413 1042 465 montes
1067 405 1171 464 liniunt

155 490 340 551 Thebaidem.
386 491 421 551 ab
444 493 480 550 iis
500 490 606 570 oppida
620 489 763 567 Mercuri,
787 489 982 565 Alabastron‚
1006 486 1116 548 Canum
1140 496 1171 549 et

152 593 239 654 supra
261 575 365 635 dictum
385 574 528 636 Herculis.
562 573 668 635 deinde
690 574 833 633 Arsinoes
855 592 889 632 ac
910 574 966 632 iarn
987 573 1064 632 dicta
1080 572 1169 634 Mern-

151 659 232 738 phis,
255 659 333 719 inter
347 677 431 738 quam
446 668 476 720 et
493 659 665 720 Arsinoiten
680 675 787 718 nomon
804 659 834 717 in
848 656 959 735 Libyco
974 665 1073 718 turres
1092 676 1167 736 quae
1184 671 1196 711 a

151 742 315 821 pyramides
339 751 494 821 vocantur,
516 743 696 819 labyrinthus
719 743 748 802 in
767 740 908 803 Moeridis
928 741 993 802 lacu
1016 740 1098 801 nullo
1122 741 1168 802 ad·

150 827 212 887 dito
230 826 310 905 ligno
328 827 535 889 exaedificatus
552 836 582 887 et
597 827 734 906 oppidum
746 825 875 887 Crialon.
906 844 991 885 unum
1008 834 1168 904 praeterea

149 911 227 970 intus
250 920 280 972 et
299 911 426 973 Arabiae
449 912 658 973 conterminum
679 911 817 971 claritatis
840 928 981 988 magnae,
1009 909 1090 970 Solis
1116 929 1167 990 op-

172 995 256 1055 idum.

98 1013 168 1142 62ρ
215 1078 262 1141 10.
291 1079 350 1139 Sed
370 1082 434 1140 iure
454 1078 588 1139 laudetur
608 1080 638 1138 in
658 1079 747 1140 litore
769 1080 910 1159 Aegyptii
926 1079 1013 1139 maris
1036 1078 1197 1140 Alexan-1·

150 1162 212 1223 dria
232 1181 248 1222 a
269 1161 374 1239 Magno
398 1162 566 1228 Alexandro
591 1163 706 1224 condita
728 1166 757 1224 in
779 1164 898 1224 Africae
919 1171 1002 1242 parte
1024 1163 1060 1223 ab
1087 1167 1165 1225 ostio

151 1243 300 1325 Canopico
321 1245 377 1306 Xll
398 1246 428 1307 M
450 1265 584 1326 passuum
604 1249 684 1308 iuxta
699 1247 853 1309 Mareotim
872 1242 982 1324 la'cum,
1009 1248 1059 1327 qui
1081 1247 1166 1308 locus

150 1338 234 1389 antea
257 1330 406 1391 Rhacotes
430 1331 637 1392 nominabatur.
681 1340 805 1394 metatus
832 1340 877 1392 est
899 1350 960 1392 eam
980 1330 1165 1393 Dinochares

149 1413 325 1474 architectus
346 1415 478 1494 pluribus
495 1415 589 1476 modis
603 1417 784 1477 memorabili
806 1417 942 1494 ingenio,
969 1414 1026 1474 XV
1047 1413 1078 1474 M
1101 1435 1165 1496 pas-

149 1517 230 1557 suum
257 1498 377 1560 laxitate
408 1501 523 1560 insessa
548 1501 584 1561 ad
611 1501 739 1578 effigiem
770 1498 976 1561 Macedonicae
1000 1498 1188 1576 'chlamydisn

150 1583 222 1643 orbe
237 1592 343 1661 gyrato
359 1584 543 1660 laciniosam,
565 1583 667 1645 dextra
683 1585 824 1662 laevaque
841 1583 985 1660 anguloso
1006 1600 1163 1662 procursu,

99 1674 133 1728 63
149 1668 203 1726 iam
227 1675 284 1726 tum
304 1677 398 1728 tamen
419 1668 518 1746 quinta
542 1669 633 1728 situus
656 1677 741 1747 parte
761 1670 862 1745 regiae
879 1667 980 1728 dicata.
1019 1665 1163 1728 Mareotis

148 1750 229 1810 lacus
259 1769 276 1809 a
307 1751 464 1812 meridiana
485 1752 565 1813 urbis
597 1761 681 1831 parte
718 1754 821 1830 euripo
853 1772 870 1812 e
902 1749 1050 1830 Canopico
1083 1755 1163 1812 ostio

147 1835 233 1914 mittit
259 1853 296 1894 ex
319 1836 533 1897 mediterraneo
560 1837 743 1914 conmercia,
772 1835 882 1896 insulas
916 1853 1032 1915 quoque
1060 1835 1163 1913 plures

147 1919 314 1996 amplexus,
330 1919 414 1980 XXX
427 1918 456 1978 M
471 1939 606 1998 passuum
627 1923 766 1997 traiectu,
791 1917 862 1979 GGL
877 1920 1000 1996 ambitu,
1025 1927 1055 1978 ut
1073 1920 1160 1980 tradit
1174 1936 1195 1976 m

148 2000 283 2062 Claudius
305 2001 423 2063 Caesar.
459 2003 506 2064 alii
530 2004 675 2065 schoenos
699 2007 729 2064 in
751 2004 961 2081 longitudinem
984 2012 1089 2081 patere
1112 2003 1161 2064 XL

87 2142 90 2147 .
146 2085 270 2162 faciunt,
289 2086 504 2164 schoenumque
521 2086 612 2147 stadia
634 2085 734 2164 XXX,
758 2090 797 2148 ita
819 2089 883 2148 lieri
901 2086 1093 2163 longitudinis
1116 2086 1160 2147 CL

94 2173 131 2231 64
146 2166 176 2226 M
196 2186 284 2246 pass,
313 2169 486 2229 tantumdem
508 2179 537 2230 et
562 2171 730 2232 latitudinis.
780 2171 852 2231 Sunt
874 2173 903 2231 in
928 2171 1040 2231 honore
1066 2180 1097 2230 et
1119 2174 1159 2232 iu·

147 2260 190 2311 tra
214 2251 373 2313 decursuus
399 2251 458 2312 Nili
488 2253 576 2313 multa
603 2255 726 2334 oppida,
753 2257 911 2334 praecipue
937 2272 1011 2333 quae
1044 2257 1160 2316 uomina

147 2338 231 2397 ostiis
247 2336 372 2414 dedere,
388 2354 447 2396 non
462 2338 593 2398 omnibus
610 2339 680 2418 (Xll
697 2339 773 2399 enim
787 2342 990 2417 reperiuntur,
1008 2357 1158 2418 superque
1171 2356 1193 2397 25

146 2430 281 2498 quattuor
296 2439 370 2499 quae
388 2423 443 2500 ipsi
464 2421 537 2482 falsa
552 2440 603 2482 ora
619 2422 792 2503 appellant),
818 2423 871 2483 sed
892 2422 1096 2483 celeberrimis
1114 2443 1159 2484 se-

146 2514 238 2583 ptem,
273 2507 406 2583 proximo
443 2505 640 2567 Alexandriae
677 2504 843 2586 Canopico,
889 2505 956 2566 dein
994 2505 1158 2586 Bolbitino,

144 2588 357 2666 Sebennytico,
383 2589 564 2667 Phatnitico,
593 2589 779 2666 Mendesico,
813 2589 964 2667 Tanitico,
995 2589 1159 2669 ultimoque

142 2670 306 2732 Pelusiaco.
356 2680 512 2750 praeterea
550 2673 660 2750 Butos,
698 2674 915 2752 Pharbaethos,
950 2672 1158 2754 Leontopolis,

142 2753 291 2831 Athribis,
313 2755 399 2815 Isidis
424 2757 576 2834 oppidum,
597 2757 724 2834 Busiris,
754 2756 933 2837 Cyropolis,
961 2757 1157 2837 Aphrodites,
1170 2777 1193 2819 aa

142 2837 223 2914 Sais,
249 2837 418 2915 Naucratis,
445 2840 520 2899 unde
551 2843 655 2900 ostium
682 2841 794 2919 quidam
819 2841 1043 2903 Naucratiticum
1066 2846 1158 2903 nomi-

141 2931 208 2982 nant
231 2922 308 3002 quod
329 2922 377 2982 alii
396 2921 645 3003 Heracleoticum,
673 2923 820 3006 Canopico
848 2927 893 2986 cui
917 2929 1080 3006 proximum
1110 2936 1157 2988 est

140 3009 355 3085 praeferentes.

89 3093 123 3145 65
209 3090 256 3153 11.
283 3089 365 3172 (12.)
393 3091 476 3154 Ultra
505 3093 685 3155 Pelusiacum
713 3093 823 3155 Arabia
856 3103 917 3173 est,
956 3095 991 3156 ad
1022 3093 1155 3158 Rubrum

139 3193 219 3237 mare
243 3178 395 3255 pertinens
421 3187 451 3238 et
480 3179 656 3240 odoriferam
681 3180 758 3239 illam
783 3198 819 3239 ac
839 3179 957 3240 divitem
986 3189 1016 3239 et
1047 3180 1192 3244 beataeas

140 3263 312 3337 cognomine
334 3262 477 3323 inclutam.
514 3262 596 3323 Maec
622 3259 810 3323 Cattabanum
838 3272 868 3324 et
892 3263 1100 3324 Esbonitarum
1124 3276 1155 3326 et

141 3342 320 3405 Scenitarum
334 3346 462 3408 Arabum
477 3355 607 3422 vocatur,
622 3347 743 3422 sterilis,
763 3356 967 3426 praeterquam
982 3348 1030 3407 ubi
1048 3349 1154 3426 Syriae

141 3429 264 3489 confinia
284 3432 416 3509 attingit,
440 3447 495 3492 nec
514 3432 569 3491 nisi
587 3428 674 3491 Casio
689 3440 787 3491 monte
809 3431 924 3492 nobilis.
961 3431 1013 3492 llis
1032 3431 1153 3496 Arabes
