2400 3856
108 171 173 239 230
459 186 490 235 o.
513 188 609 235 annm
627 186 776 237 sueonos

108 343 244 422 planities
267 342 434 421 contingat,
461 344 490 404 ia
516 343 638 421 quodam
658 343 722 404 lacu
745 342 903 422 hospitari,
928 342 997 404 inde
1024 343 1123 406 lenem

108 428 218 502 lluerc,
244 427 293 487 ubi
315 429 476 505 minimum,
500 426 556 487 vll
575 428 683 487 milium
709 446 844 506 passuum
872 427 1044 505 latitudine,
1073 430 1122 490 ubi

107 511 265 587 modicum,
289 511 445 572 stadiorum
469 509 509 587 G,
531 511 680 573 altitudine
696 529 834 589 nusquam
852 512 965 571 minore
985 530 1125 591 passuum

106 593 174 670 XX,
191 597 349 689 novissima
361 605 451 673 gente
466 594 659 673 Gangaridum
672 592 868 673 Calingarum.
895 596 977 672 regia
994 595 1123 657 Pertalis

55 769 91 825 (td
107 688 238 826 70081ιὸἷο
253 720 399 842 RegiLX
413 764 443 826 M
464 766 607 844 peditum,
627 765 740 842 equites
763 762 811 841 M,
828 763 982 843 elephanti
998 762 1079 825 DCC
1094 692 1150 828 in⁵

108 850 259 927 procinctu
274 849 416 909 bellorum
433 851 585 910 excubant.
611 867 732 927 namque
748 850 807 908 vita
821 848 985 908 mitioribus
1002 849 1123 928 populis

106 932 241 993 Indorum
267 934 457 1012 multipertita
481 933 604 1010 degitur.
648 932 782 993 tellurem
808 941 965 1007 exercent,
991 933 1123 994 militiam

106 1016 155 1075 alii
172 1026 345 1096 capessunt,
371 1035 485 1077 merces
507 1017 555 1075 alii
581 1035 648 1076 suas
670 1016 796 1077 evehunt
822 1026 1020 1095 externasque
1040 1019 1123 1078 inve·

106 1099 192 1179 hunt,
218 1120 267 1161 res
293 1101 424 1178 publicas
456 1101 564 1178 optumi
592 1100 785 1179 ditissimique
812 1109 991 1178 temperant,
1015 1102 1121 1163 iudicia
1133 1117 1157 1156 10

105 1183 245 1260 reddunt,
261 1184 381 1260 regibus
396 1183 537 1245 adsident.
568 1187 695 1263 quintum
711 1204 806 1262 genus
826 1184 996 1245 celebratae
1012 1185 1121 1246 illicet

106 1284 201 1346 prope
229 1269 259 1327 in
282 1267 458 1345 religionem
477 1287 584 1329 versae
610 1270 772 1347 sapientiae
798 1268 925 1329 deditum
954 1268 1129 1331 uoluntaria

105 1368 224 1429 semper
243 1360 338 1412 morte
359 1355 446 1413 vitam
467 1370 592 1414 accenso
614 1354 694 1432 prins
715 1370 790 1430 rogo
813 1353 883 1412 linit.
920 1370 1006 1412 unum
1029 1372 1121 1432 super

104 1434 178 1495 haee
194 1444 241 1496 est
256 1437 422 1497 semiferum
438 1456 472 1497 ac
487 1437 603 1517 plenum
618 1436 728 1496 laboris
745 1438 866 1496 inmensi
883 1444 930 1512 et,
955 1453 1013 1514 quo
1030 1455 1121 1515 supra

105 1518 180 1580 dicta
195 1522 394 1598 eontinentur,
409 1521 532 1582 venandi
549 1521 722 1600 elephantos
734 1520 935 1598 donandique.
966 1519 1011 1580 bis
1024 1530 1118 1599 arant,
1131 1535 1155 1577 rs

104 1603 149 1662 bis
171 1604 361 1681 invehuntur,
385 1605 459 1666 haec
479 1608 601 1666 maxime
617 1622 728 1665 novere
751 1607 904 1683 pecuaria,
929 1603 973 1663 bis
993 1604 1119 1665 militant

105 1687 296 1766 dimicantque
313 1707 366 1767 pro
383 1689 496 1750 linibus.
536 1690 680 1763 delectum
695 1690 724 1748 in
742 1689 820 1749 bella
837 1690 915 1747 vires
934 1697 963 1747 et
979 1697 1062 1747 aetas
1078 1699 1118 1749 at-

53 1782 87 1835 dt
103 1790 160 1850 que
176 1773 342 1849 magnitudo
360 1774 474 1834 iaciunt.
512 1773 609 1834 lasula
624 1774 653 1833 in
669 1771 768 1851 Gange
786 1781 832 1832 est
847 1790 968 1848 magnae
984 1771 1116 1850 amplitu-

104 1856 178 1918 dinis
195 1865 312 1933 gentem
332 1859 484 1918 eontinens
507 1876 604 1934 unam,
627 1858 743 1917 nomine
758 1855 999 1933 Modogalingam.
1032 1854 1117 1917 Ultra

104 1941 152 1999 siti
175 1949 240 1999 sunt
260 1940 419 2018 Modubae,
445 1942 609 2018 Molindae,
635 1940 754 2002 Uberae
770 1958 834 2002 cum
855 1939 964 2018 oppido
984 1940 1152 2000 eiusdemso

103 2025 227 2083 nominis
242 2026 406 2101 magnifico,
422 2025 593 2103 Modresae,
609 2026 701 2101 Preti,
716 2024 866 2100 Actissae,
883 2023 994 2100 Sasuri,
1009 2022 1115 2084 Passu-

103 2106 166 2181 lae,
183 2104 331 2184 Colebae,
347 2108 536 2185 Orumcolae,
550 2109 649 2185 Abali,
665 2107 815 2168 Thalutae.
846 2126 899 2167 rex
914 2106 1017 2166 horum
1035 2107 1115 2186 pedi·

102 2197 161 2248 tum
178 2189 199 2248 L
214 2188 253 2265 M,
269 2193 396 2268 equitum
408 2190 459 2250 llll
470 2191 508 2267 M,
527 2191 746 2270 elephantorum
759 2192 815 2251 llll
826 2190 855 2250 M
869 2192 899 2251 in
914 2192 1000 2250 armis
1015 2190 1113 2253 habet.

102 2271 236 2333 Validior
253 2274 357 2335 deinde
374 2294 447 2353 gens
463 2275 616 2352 Andarae,
639 2275 769 2354 plurimis
787 2277 875 2351 vicis,
897 2273 981 2335 XXX
996 2275 1117 2353 oppidis

102 2375 176 2436 quae
188 2361 277 2419 muris
291 2360 478 2438 turribusque
489 2359 666 2438 muniuntur,
681 2362 746 2438 regi
760 2360 884 2438 praebet
896 2358 1023 2436 peditum
1037 2357 1061 2418 C
1073 2356 1112 2436 M,
1124 2373 1148 2416 ss

102 2443 230 2520 equitnm
250 2442 324 2519 MM,
352 2444 525 2523 elephantos
542 2442 580 2505 M.
614 2444 787 2505 fertilissimi
813 2452 880 2503 sunt
901 2444 962 2503 auri
984 2442 1112 2519 Dardae,

46 2533 84 2586 68
100 2527 189 2587 Setae
205 2545 278 2587 vero
293 2537 323 2587 et
345 2531 468 2605 argenti.
501 2528 554 2589 sed
571 2530 664 2589 omnia
679 2530 708 2587 in
723 2528 802 2588 lndia
818 2545 930 2606 prope,
952 2543 1009 2586 non
1024 2526 1112 2587 modo

101 2611 130 2669 in
146 2611 203 2671 hoc
220 2620 331 2688 tractu,
351 2616 480 2690 potentia
502 2614 691 2691 claritateque
709 2611 883 2672 antecedunt
896 2611 978 2670 Prasi
996 2611 1113 2688 amplis·

101 2695 172 2754 sima
184 2695 257 2754 urbe
270 2696 467 2774 ditissimaque
479 2696 663 2771 Palibothra,
679 2697 753 2757 unde
766 2695 879 2774 quidam
889 2697 981 2772 ipsam
992 2704 1112 2772 gentem

100 2776 286 2840 Palibothros
302 2789 424 2855 vocant,
448 2782 533 2840 immo
549 2799 621 2841 vero
638 2789 757 2840 tractum
776 2782 974 2839 universuma
998 2776 1145 2856 Gangem

100 2864 165 2940 regi
181 2880 282 2922 eorum
301 2861 428 2940 peditum
443 2862 494 2924 bc
510 2863 556 2941 M,
578 2866 703 2942 equitum
719 2862 803 2923 XXX
817 2861 860 2938 M,
887 2862 1113 2941 elephantorum

99 2945 243 3023 vuilit,
263 2965 316 3026 per
332 2964 432 3007 omnes
447 2948 510 3008 dies
525 2948 754 3028 stipendiantur,
780 2946 856 3006 unde
871 2947 1048 3006 coniectatio
1069 2948 1112 3005 in·

44 3036 83 3091 eo
98 3050 172 3109 gens
188 3048 275 3110 opum
291 3040 346 3092 est.
381 3031 427 3092 hb
445 3033 489 3092 his
504 3034 532 3093 in
547 3034 689 3094 interiore
711 3034 767 3092 situ
782 3031 941 3091 Monaedes
963 3039 995 3089 et
1013 3029 1110 3107 Suari,

99 3134 222 3194 quorum
230 3133 313 3175 mons
327 3115 439 3177 Maleus
457 3119 486 3177 in
500 3135 557 3196 quo
573 3116 691 3177 umbrae
706 3116 742 3176 ad
757 3116 990 3194 septentrionem
1006 3113 1111 3175 cadunt

98 3198 209 3274 hieme,
229 3209 342 3260 aestate
358 3202 387 3260 in
402 3211 545 3279 austrum,
561 3220 615 3281 per
629 3218 718 3260 senos
735 3218 862 3261 menses.
887 3199 1107 3276 septentriones
1120 3208 1144 3251 te

98 3300 136 3342 eo
152 3292 245 3344 tractu
262 3284 354 3345 semel
372 3303 447 3345 anno
462 3285 622 3363 adparere,
639 3302 694 3344 nec
713 3286 768 3343 nisi
786 3282 841 3343 XV
855 3282 975 3357 diebus,
996 3281 1111 3342 Baeton

98 3375 200 3427 auctor
215 3377 278 3445 est,
290 3368 348 3428 boe
364 3369 439 3428 idem
454 3367 585 3447 pluribus
602 3368 675 3428 locis
694 3368 793 3429 lndiae
810 3369 872 3427 lieri
887 3365 1109 3442 Megasthenes.

93 3453 254 3512 austrinum
273 3451 372 3532 polum
398 3452 459 3513 lodi
479 3452 614 3513 Diamasa
635 3461 748 3512 vocant.
790 3451 890 3511 Amnis
917 3448 1051 3510 lomanes
1081 3451 1111 3509 in
