2400 3856
152 172 214 236 174
495 184 525 232 c.
548 183 643 231 rornr
667 182 816 233 suounor

150 342 229 402 lacus
251 339 349 417 Buges
373 339 453 399 fossa
477 339 599 398 emissus
623 339 651 397 in
674 356 762 399 mare.
799 337 866 417 lpse
888 338 985 416 Buges
1009 356 1025 399 a
1049 336 1162 400 Coreto

149 424 284 485 Maeotae
301 424 399 482 lacuus
419 423 484 482 sinu
497 429 619 500 petroso
636 422 805 483 discluditur
819 423 916 483 dorso.
941 423 1046 502 recipit
1061 441 1162 499 amnes

65 528 73 541 ·
149 507 270 585 Bugem,
288 506 439 584 Cerrhum,
454 505 605 583 Hypanim,
619 505 784 566 exdiverso
799 508 953 566 venientes
970 515 1073 567 tractu.
1097 525 1164 567 nam

151 589 278 652 Gerrhus
294 590 453 650 Basiliadas
469 598 498 650 et
509 589 654 650 Nomadas
667 598 796 668 separat,
811 588 938 668 Hypanis
951 609 1005 668 per
1016 589 1161 651 Nomadas

150 684 180 735 et
192 674 320 750 Hylaeus
339 674 400 732 {luit
417 674 593 733 manufacto
612 673 697 733 alveo
717 677 873 751 inBugen,
889 674 1010 733 naturali
1025 675 1055 733 in
1070 672 1160 735 Core·
1182 691 1196 732 ⁵

98 766 131 820 85
149 768 216 819 tum.
240 760 325 836 regio
339 757 475 833 Scythiae
488 757 603 817 Sindica
619 757 789 817 nominatur.
819 757 877 818 Sed
893 776 909 817 a
926 755 1072 818 Carcinite
1088 757 1162 818 Tau·

149 847 209 903 rica
230 845 331 921 incipit
352 841 493 920 quondam
517 843 587 900 mari
612 841 782 901 circumfusa
812 843 928 919 etipsa
953 859 1066 919 quaque
1086 860 1162 901 nnnc

149 929 240 1005 campi
253 929 357 986 iacent.
381 926 448 987 dein
461 926 550 984 vastis
562 922 704 983 attollitur
721 925 806 1001 iugis.
831 923 962 1006 Triginta
981 934 1047 984 sunt
1060 942 1162 986 eorum

148 1012 259 1089 populi.
285 1014 323 1070 e‘x
337 1011 374 1068 iis
390 1010 594 1069 mediterranei
607 1006 714 1081 XXIII,
730 1006 771 1068 Vl
789 1010 895 1087 oppida
907 1008 1068 1086 Orgocyni,
1087 1006 1162 1069 Cha·

148 1096 264 1171 raceni,
289 1092 448 1168 Assyrani,
476 1091 615 1168 Stactari,
643 1090 853 1170 Arsilachitae,
882 1089 1020 1152 Caliordi.
1063 1093 1162 1170 iugum
1175 1110 1199 1152 ro

148 1179 241 1254 ipsum
265 1175 450 1253 Scythotauri
473 1183 581 1234 tenent.
618 1174 769 1235 cluduntur
790 1175 826 1235 ab
852 1178 1004 1237 occidente
1034 1175 1161 1238 Cherro-

148 1277 221 1319 neso
237 1260 316 1337 Nea,
333 1258 369 1318 ab
387 1267 451 1318 ortu
468 1257 583 1333 Scythis
601 1257 741 1319 Sataucis.
767 1258 799 1318 ln
815 1277 866 1320 ora
883 1257 1035 1321 aCarcine
1053 1261 1161 1338 oppida

148 1342 299 1422 Taphrae,
316 1344 345 1402 in
360 1343 433 1421 ipsis
449 1344 589 1419 augustiis
605 1342 811 1420 paeninsulae,
828 1362 897 1403 mox
910 1342 1052 1404 Heraclea
1069 1343 1160 1404 Cher·

148 1446 273 1488 ronesus
288 1426 426 1487 libertate
443 1428 608 1486 aRomanis
624 1427 768 1487 donatum.
801 1426 967 1505 Megaricae
983 1427 1161 1488 vocabantur

148 1521 249 1588 antea,
265 1512 414 1591 praecipui
429 1513 531 1570 nitoris
550 1512 579 1570 in
596 1519 658 1571 toto
675 1527 711 1571 eo
729 1519 823 1571 tractu
845 1511 999 1571 custoditis
1016 1513 1158 1573 Graeciae
1174 1529 1197 1570 1⁵

96 1597 293 1673 Semonibus,
316 1597 441 1674 quinque
458 1595 535 1654 milia
557 1612 634 1672 pass.
657 1594 803 1655 ambiente
825 1613 916 1654 muro.
952 1595 1022 1654 lnde
1040 1595 1160 1656 Parthe-

147 1683 221 1741 nium
237 1680 474 1760 promunturium,
491 1679 650 1738 Taurorum
660 1680 761 1738 civitas
777 1678 885 1755 Placia,
906 1679 1072 1755 Symbolum
1091 1697 1160 1756 por·
1189 1699 1192 1705 ·

148 1775 211 1842 tus,
235 1765 461 1844 promunturium
481 1760 692 1840 Criumetopon
711 1762 863 1823 adversum
880 1761 1049 1822 Carambico
1066 1762 1158 1824 Asiae

146 1850 358 1928 promunturio,
374 1865 428 1925 per
439 1846 562 1907 medinm
574 1846 716 1906 Euxinum
735 1864 911 1923 procurrens
924 1844 1027 1906 CLXX
1038 1845 1066 1904 M
1078 1865 1156 1924 pass.

145 1932 319 2008 Intervallo,
335 1950 408 2008 qnae
423 1933 545 1990 maxime
561 1932 634 1989 ratio
653 1929 780 2006 Scythici
799 1948 902 1990 arcuus
921 1932 1040 1990 formam
1056 1931 1157 1990 elficit.
1171 1948 1196 1989 ro

145 2015 182 2074 ab
198 2032 234 2073 eo
251 2014 408 2074 Taurorum
426 2024 547 2090 portuus
563 2014 642 2073 multi
659 2022 688 2074 et
704 2014 811 2074 lacuus.
839 2015 974 2092 oppIdum
990 2013 1157 2074 Theodosia

145 2115 162 2156 a
184 2094 373 2175 Criumetopo
396 2096 503 2158 CXXV
525 2096 553 2155 M
571 2115 667 2175 pass,-
684 2115 700 2156 a
717 2094 905 2159 Cherroneso
920 2116 992 2159 vero
1010 2096 1112 2157 CLXV
1126 2097 1158 2158 M

144 2199 224 2260 pass.
261 2178 343 2240 Ultra
360 2182 443 2241 fuere
467 2181 572 2262 oppida
589 2178 698 2257 Cytae,
722 2179 914 2259 Zephyrium,
934 2182 1045 2259 Acrae,
1068 2181 1156 2258 Nym·

92 2272 126 2326 87
145 2264 284 2344 phaeum,
304 2263 366 2323 Dia.
403 2273 496 2324 restat
517 2264 605 2342 longe
622 2264 827 2324 validissimum
843 2267 871 2326 in
886 2268 951 2344 ipso
966 2265 1091 2343 Bospori
1114 2267 1156 2326 in·

144 2351 234 2409 troitu
255 2349 477 2426 Panticapaeum
492 2346 690 2425 Milesiorum,
715 2367 731 2408 a
754 2347 922 2409 Theodosia
942 2349 1105 2409 LXXXVII
1125 2349 1156 2410 Μ
1169 2367 1194 2408 25

143 2432 168 2491 D
186 2452 274 2511 pass,
291 2451 307 2491 a
323 2430 477 2493 Cimmerio
494 2450 565 2492 vero
582 2433 691 2511 oppido
708 2443 785 2493 trans
805 2433 910 2493 fretum
925 2435 981 2493 sito
997 2432 1055 2492 MM
1069 2433 1106 2510 D,
1124 2442 1155 2493 ut

108 2517 281 2593 ediximus,
303 2534 382 2595 pass.
418 2518 497 2577 llaec
518 2517 559 2576 ibi
575 2517 694 2577 latitudo
713 2516 813 2576 Asiam
831 2517 866 2576 ab
882 2515 1001 2595 Europa
1023 2526 1153 2594 separat,

144 2620 237 2679 caque
254 2603 317 2678 ipsa
329 2600 453 2678 pedihus
465 2601 635 2679 plerumque
648 2602 750 2679 pervia
767 2600 894 2678 glacIato
913 2602 1002 2660 freto.
1025 2600 1154 2679 Bospori

144 2682 288 2742 Cimmerii
302 2684 423 2743 latitudo
435 2683 489 2744 XII
506 2684 569 2743 MD
583 2702 727 2762 passuum.
747 2685 853 2761 oppida
869 2683 958 2744 hahet
968 2683 1153 2762 Hermisium,

142 2765 329 2842 Myrmecium
347 2775 377 2826 et
401 2770 476 2826 intus
496 2767 614 2826 insulam
633 2767 796 2844 Alopecen.
834 2785 889 2845 per
904 2766 1042 2827 MaeotIm
1058 2778 1152 2828 autem
1167 2785 1193 2825 ao

142 2851 178 2911 ult
191 2859 322 2910 extremo
336 2849 453 2926 isthmo,
471 2852 517 2929 qui
531 2851 612 2910 loeus
626 2851 759 2929 Taphrae
774 2857 906 2928 vocatur,
926 2852 961 2910 ad
979 2868 1012 2911 os
1024 2850 1151 2930 Bospori

90 2942 124 2995 88
143 2934 242 2995 CCLX
258 2933 286 2993 Μ
302 2952 377 3013 pass.
395 2933 547 3011 longitudo
563 2933 721 3014 colligitur*
751 2936 778 2995 A
794 2933 916 3012 TaphrIs
933 2953 988 3014 per
1002 2937 1153 2996 contineu-

141 3029 199 3080 tem
222 3022 365 3078 introrsus
392 3027 493 3078 tenent
514 3018 665 3081 Auchetae
692 3020 769 3098 apud
793 3036 866 3097 quos
890 3016 1019 3096 Hypanis
1047 3020 1151 3098 oritur,

140 3103 260 3163 Neuroc
271 3102 344 3180 apud
358 3121 432 3181 qnos
443 3102 783 3180 Borysthenen—Geloni,
803 3101 1019 3179 Thyssagetae,
1035 3102 1151 3180 Budini,

106 3252 113 3265 ο
139 3186 282 3246 Basilidae
302 3193 332 3245 et
349 3188 486 3248 caeruleo
504 3188 608 3265 capillo
624 3187 795 3264 Agathyrsi.
820 3205 910 3266 super
925 3204 978 3247 eos
990 3185 1149 3262 Nomades,
1164 3202 1190 3245 aa

140 3270 243 3330 deinde
260 3271 522 3350 Anthropophagi,
547 3289 562 3329 a
583 3270 664 3347 Buge
685 3288 757 3330 vero
781 3289 871 3349 super
891 3269 1027 3332 Maeotim
1044 3269 1149 3330 Sauro·

139 3363 231 3413 motae
251 3363 281 3414 et
294 3354 475 3417 Essedones.
499 3363 528 3413 at
542 3372 597 3432 per
612 3372 690 3414 oram
706 3353 740 3412 ad
758 3355 874 3414 Tanaim
892 3372 986 3433 usque
1001 3352 1148 3432 Maeotae,

141 3456 156 3496 a
174 3438 276 3515 quihus
293 3437 373 3499 lacus
390 3457 495 3499 nomen
511 3440 639 3516 accepit,
662 3437 811 3516 ultimique
830 3458 846 3499 a
862 3448 948 3517 tergo
966 3455 1066 3499 eorum
1081 3437 1148 3498 Ari·
