2400 3856
108 122 170 188 146
456 138 488 188 c.
510 139 606 186 emm
628 139 776 188 securum

109 291 402 369 Forollaminienses,
433 291 654 354 Foroiulienses
684 295 858 372 cognomine
887 291 1125 372 Concupienses,

110 377 343 452 Forobrentani,
363 375 700 456 Forosempronienses,
719 377 827 455 Iguini,
847 377 1058 439 Interamnates
1074 396 1125 438 eo·

112 461 248 537 gnomine
273 459 398 536 Nartes,
426 459 612 537 Mevanates,
640 459 902 537 Mevanionenses,
933 460 1124 540 Matilicates,

78 578 82 585 ·
112 544 302 621 Narnienses,
319 542 395 623 quod
407 543 710 623 oppidumNequinum
725 553 808 605 antea
818 555 949 605 vocatum
957 553 1015 620 est,
1024 543 1124 606 Nuce·

61 632 112 684 114
126 628 568 706 rinicognomineFavonienses
583 638 613 689 et
622 627 791 705 Camellani,
804 628 979 699 Ocriculani,
991 627 1123 706 Ostrani,
1140 641 1156 684 u

112 712 235 773 Pitulani
248 714 420 791 cognomine
432 711 583 773 Pisuertes
596 721 626 773 et
638 713 686 772 alii
697 712 885 790 Mergentini,
899 711 1033 785 Plestini,
1050 713 1124 773 Sen-

112 799 235 874 tinates,
252 795 427 874 Sassinates,
443 796 600 874 Spoletini,
616 796 755 872 Suasani‚
772 797 951 869 Sestinates,
967 795 1123 872 Suillates,

66 940 72 945 .
112 879 279 956 Tadinates,
291 879 458 958 Trebiates,
470 879 609 957 Tuticani,
623 879 787 940 'l'iiernates
800 881 973 957 cognomine
990 877 1125 939 Tiberini

112 966 206 1026 etalii
223 964 443 1040 Metaurenses,
462 962 666 1040 Vesinicates,
686 961 850 1024 Urbanates
872 965 1045 1040 cognomine
1061 962 1123 1024 Me·
1172 977 1176 983 '

111 1052 265 1109 laurenses
279 1048 369 1108 etalii
381 1046 556 1121 Hortenses,
568 1045 781 1124 Vettonenses,
798 1047 982 1123 Vindinates,
997 1046 1124 1108 Visuen·
1140 1062 1168 1101 ιο

112 1135 180 1191 tani.
203 1130 299 1191 lnlroc
306 1131 364 1189 situ
375 1129 715 1208 interiereFeliginates,
728 1141 759 1191 et
771 1132 819 1210 qui
828 1128 985 1191 Clusiolum
998 1139 1125 1192 tenuere

112 1231 199 1292 supra
214 1213 420 1290 interamnam,
444 1221 474 1274 et
495 1213 665 1274 Sarranates
687 1234 750 1275 cum
769 1216 884 1294 oppidis
900 1213 1021 1274 Acerris
1046 1231 1126 1292 quae

112 1296 233 1357 Vafriae
254 1298 548 1375 cognominabantur,
573 1296 737 1359 Turocaelo
759 1299 836 1378 quod
854 1297 1026 1358 Vettiolum.
1051 1299 1126 1359 item

112 1380 271 1458 Solinates,
283 1382 424 1456 Suriates,
440 1382 599 1460 Falinates,
613 1382 778 1461 Sapinates.
802 1384 943 1442 interiere
959 1390 988 1441 et
1002 1381 1126 1442 Ariates

112 1483 175 1525 cum
191 1462 342 1527 Criniuolo
358 1474 388 1527 et
400 1465 548 1526 Usidicani
563 1475 593 1526 et
604 1465 802 1544 Plangenses,
817 1467 998 1541 Paesinates,
1017 1462 1122 1526 Caele·
1138 1479 1166 1519 15

112 1550 190 1608 stini.
223 1549 370 1611 Ameriam
384 1566 471 1628 supra
488 1552 624 1627 scriptam
643 1550 715 1611 Ceto
732 1560 797 1611 ante
812 1549 915 1626 Persei
932 1549 1040 1609 bellum
1054 1567 1126 1611 eon·

113 1634 198 1694 ditem
214 1637 295 1695 annis
309 1631 543 1694 DCCCCLXllll
560 1634 667 1712 prodit.

62 1729 111 1781 115
193 1716 240 1780 15.
265 1716 348 1797 (20.)
377 1717 485 1778 Octava
511 1719 595 1861 regio
622 1717 827 1779 determinatur
855 1717 1004 1794 Arimino,
1033 1716 1126 1797 Pado,

112 1799 297 1880 Appennino.
314 1802 347 1862 ln
360 1820 412 1862 ora
425 1801 527 1861 lluvius
567 1806 744 1878 rustumium,
761 1802 920 1861 Ariminum
932 1800 1047 1861 colonia
1060 1820 1128 1862 cum

112 1885 243 1946 amnibus
265 1885 396 1954 Arimino
414 1894 444 1946 et
464 1885 590 1963 Aprusa.
619 1886 722 1947 lluvius
739 1885 873 1962 Rubico,
896 1885 1038 1963 quondam
1057 1886 1125 1946 linis
1139 1902 1168 1943 so

67 2006 71 2013 ·
112 1969 224 2029 ltaliae.
253 1970 289 2030 alt
306 1987 344 2030 eo
359 1971 444 2048 Sapis
461 1977 492 2028 et
506 1968 583 2029 Vitis
598 1979 628 2030 et
642 1969 772 2046 Anemo,
792 1968 931 2028 Ravenna
950 1969 1127 2029 Sabinorum

114 2052 250 2130 oppidum
264 2071 326 2112 eum
338 2072 420 2113 amne
431 2052 558 2128 Bedese,
575 2053 611 2113 ab
624 2054 744 2116 Ancona
756 2051 807 2113 CV
819 2052 848 2111 tl
861 2071 937 2130 pass.
953 2070 1008 2111 nec
1020 2053 1127 2128 procul

114 2152 130 2194 a
152 2137 221 2192 mari
238 2134 413 2195 Umbrorum
427 2135 564 2197 Butrium.
590 2137 666 2196 intus
683 2137 818 2197 coloniae
842 2136 989 2212 Bononia,
1005 2135 1126 2197 Felsina

113 2218 287 2292 vocitatum,
308 2236 371 2277 cum
388 2221 525 2296 princeps
540 2217 674 2280 Etruriae
698 2229 796 2296 esset,
818 2219 985 2294 Brixillum,
1001 2218 1125 2296 Mutine,

41 2317 45 2325 '
63 2313 114 2367 116
128 2301 245 2378 Parma,
266 2301 436 2362 Placentia(
453 2302 559 2380 oppida
583 2300 732 2377 Caesena,
756 2303 909 2380 Claterna,
932 2303 1009 2363 Fora
1026 2300 1125 2382 Clodi,
1139 2320 1166 2360 as

113 2385 188 2463 Livi,
200 2385 312 2465 Popili,
326 2385 559 2463 Truentinorum,
572 2385 702 2464 Corneli,
715 2389 817 2449 Licini.
840 2387 1003 2460 Ferentini,
1018 2387 1127 2449 Fiden·

114 2471 183 2548 tini,
201 2469 330 2546 Ote'sini,
346 2471 515 2547 Padinates,
531 2469 698 2549 Regienses
710 2491 726 2531 a
737 2472 860 2551 Lepido,
876 2470 1043 2546 Solonates,
1063 2471 1126 2531 Sal-

114 2562 219 2632 tusque
251 2553 371 2615 Gallieni
404 2558 452 2634 qui
481 2558 721 2632 cognominantur
746 2555 924 2634 Aquinates,
953 2553 1125 2632 Tannetani,

114 2637 266 2697 Veleiates
278 2641 452 2716 cognomine
464 2641 560 2698 veteri
567 2639 720 2716 Regiates,
729 2637 904 2699 Urbanates.
922 2639 951 2697 in
965 2637 1021 2697 hoc
1030 2646 1126 2698 tractu

114 2721 287 2779 interierunt
301 2721 355 2780 Boi
379 2739 500 2801 quorum
521 2723 614 2781 tribus
639 2719 718 2782 CXll
737 2723 829 2784 luisse
851 2731 953 2783 auctor
975 2730 1021 2781 est
1037 2718 1124 2800 Cato,
1137 2738 1166 2779 so

67 2853 71 2860 .
114 2804 184 2863 item
199 2802 332 2880 Senones
347 2806 394 2883 qui
410 2813 552 2880 ceperunt
568 2804 696 2867 Romam.
786 2811 790 2820 '
908 2861 914 2869 .

62 2897 113 2950 117
195 2884 243 2948 16.
263 2885 357 2948 Padus
367 2906 384 2947 e
395 2887 618 2964 gremioVesuli
630 2891 933 2951 montiscelsissimum
946 2892 974 2949 in
987 2907 1125 2950 cacumen

114 2970 231 3052 Alpium
247 2971 315 3032 elati
333 2971 437 3031 linibus
448 2970 582 3049 Ligurum
594 2972 811 3052 Vagiennorum
824 2974 948 3033 visendo
963 2975 1044 3033 lonte
1057 2991 1125 3052 pro-

114 3055 206 3118 iluens
234 3056 422 3136 condensque
450 3075 483 3115 se
509 3058 643 3118 cuniculo
670 3068 700 3118 et
724 3061 753 3117 in
775 3056 1029 3117 Forouibiensium
1051 3075 1125 3134 agro

113 3140 218 3201 iterum
237 3141 393 3218 exoriens,
408 3140 487 3202 nullo
504 3143 626 3201 amnium
641 3141 773 3202 claritate
791 3141 931 3217 inlerior,
947 3138 1066 3201 Graecis
1083 3143 1125 3202 di·
1138 3157 1166 3198 es

113 3233 176 3285 ctus
193 3220 335 3286 Eridanus
356 3244 390 3285 ac
412 3236 506 3302 poene
523 3225 711 3285 Phaethontis
733 3224 920 3303 inlustratus,
943 3233 1065 3300 augetur
1089 3225 1125 3285 ad

112 3311 192 3377 canis
209 3318 310 3369 ortuus
327 3309 443 3386 liquatis
465 3309 596 3383 nivibus,
617 3311 696 3386 agris
712 3326 795 3386 quam
812 3309 935 3384 navigiis
952 3311 1124 3385 torrentior,
1142 3306 1145 3311 ’

112 3392 182 3451 nihil
196 3401 290 3454 tamen
303 3411 341 3453 ex
352 3402 437 3472 rapto
450 3393 506 3453 sibi
518 3392 667 3452 vindicans
678 3401 766 3470 atque
778 3391 827 3454 ubi
845 3391 947 3471 linquit
962 3392 1126 3454 ubertatem
