2400 3856
111 137 176 202 200
464 148 495 199 0.
512 147 608 198 curru
624 127 782 198 0000303Ι

61 316 97 370 'ts
115 327 178 370 cum
195 323 229 368 ea
251 304 427 367 tetrarchiae
450 313 481 367 et
502 305 684 366 Palaestines
704 313 766 368 tota
785 305 899 367 laxitas.
937 302 1006 366 at**
1027 305 1058 366 in
1080 323 1133 368 ora

114 400 210 453 autem
226 390 356 450 subiecta
371 390 482 452 Libano
499 391 602 451 fluvius
618 388 767 468 Magoras,
781 389 906 468 Berytus
922 389 1041 450 colonia
1058 409 1133 469 quae

114 476 200 536 Felix
211 473 283 536 lulia
295 475 469 553 appellatur,
486 474 617 535 Leontos
629 474 776 553 oppidum,
790 474 895 535 flumen
910 473 1018 551 Lycos,
1032 473 1132 535 Palae·

114 560 237 636 byblos,
267 558 372 619 flumen
403 556 534 635 Adonis,
560 558 667 637 oppida
691 557 819 635 Byblos,
845 558 967 637 Botrys,
999 556 1132 636 Gigarta,

115 643 226 705 'inieris
234 685 244 720 ,
271 640 422 720 Calamos,
446 642 574 721 Tripolis
590 660 676 721 quam
691 641 771 719 Tyrii
792 651 822 703 et
842 641 953 703 Sidonii
974 650 1005 702 et
1027 642 1131 702 Aradii
1148 655 1160 696 a

116 729 266 806 optinent,
303 725 457 804 Orthosia,
493 724 671 787 Eleutheros
707 725 828 804 flumen,
863 726 969 805 oppida
1004 724 1132 804 Zimyra,

115 811 262 873 Marathos
287 818 448 890 contraque
469 810 584 871 Arados
606 808 662 870 Vll
689 810 846 872 stadiorum
875 810 1011 890 oppidum
1038 820 1069 871 01
1092 812 1133 869 in-

115 896 179 958 sula
195 894 243 955 CC
259 895 395 974 passibus
423 913 439 954 a
461 896 627 955 continente
644 894 763 955 distans.
793 896 882 973 're'gio
901 895 930 954 in
953 912 1009 973 qua
1032 912 1132 975 supra·

114 979 184 1040 dicti
206 979 341 1040 desinunt
367 986 498 1054 montes,
532 985 563 1037 et
584 978 825 1039 interiacentibus
854 979 961 1057 eampis
988 977 1133 1056 Bargylus

114 1083 197 1126 mons
215 1065 324 1142 incipit.
1145 1076 1167 1116 1⁰

62 1155 98 1211 ttt
178 1145 261 1227 (18.)
287 1146 362 1206 Η100
387 1163 487 1206 rursus
512 1145 611 1223 Syria,
639 1145 793 1215 desinente
819 1146 978 1207 Phoenice.
1024 1146 1134 1226 oppida

116 1231 229 1307 Carne,
244 1229 386 1306 Balanea,
406 1228 522 1307 Paltos,
544 1226 668 1307 Cabala,
690 1232 917 1308 promunturium
932 1231 962 1289 in
984 1247 1043 1308 quo
1059 1228 1132 1290 hao-

115 1315 200 1376 dicea
217 1313 329 1389 libera,
344 1312 477 1392 Dipolis,
492 1312 650 1391 Heraclea,
667 1311 846 1391 Charadrus,
862 1313 1020 1374 Posidium.

178 1396 581 1476 alterumalteum
607 1397 712 1474 Syriae
737 1396 922 1458 Antiochiae.
964 1399 1040 1457 intus
1070 1399 1134 1479 ipsa

116 1482 272 1543 Antiochia
301 1482 394 1541 libera
425 1479 612 1559 Epidaphnes
647 1483 858 1560 cognominata.
906 1480 1018 1542 Oronte
1049 1495 1168 1543 amnem

116 1567 262 1627 dividitur.
305 1567 335 1626 in
356 1566 554 1644 promunturio
579 1572 675 1626 autem
696 1565 831 1626 Seleucia
851 1565 945 1626 libera
963 1563 1063 1628 Pieria
1084 1585 1133 1645 ap·

115 1650 232 1730 pellata.

64 1745 99 1798 80
179 1733 231 1795 22.
252 1734 348 1814 Super
367 1751 430 1795 eam
449 1751 532 1795 mons
556 1733 662 1796 eodem
685 1752 742 1813 quo
764 1735 837 1796 alius
858 1735 991 1812 nomine,
1018 1731 1133 1801 Casius.

80 1833 104 1868 ⁸⁵
117 1821 197 1879 cuius
220 1819 339 1880 excelsa
361 1818 482 1878 altitudo
504 1827 605 1897 quarta
625 1819 726 1897 vigilia
747 1821 889 1879 orientem
915 1837 969 1898 per
993 1819 1134 1880 tenebras

117 1903 210 1964 solem
230 1904 369 1982 adspicit,
396 1902 480 1963 brevi
507 1904 680 1962 circumactu
701 1905 836 1982 corporis
858 1902 934 1963 diem
957 1912 1168 1982 noctemqueau

117 1990 227 2066 pariter
247 1987 416 2048 ostendens.
461 1985 583 2046 ambitus
602 1986 637 2047 ad
653 2005 790 2048 cacumen
804 1985 915 2047 XVllll
929 1985 959 2046 M
976 2005 1056 2064 pass.
1077 1997 1134 2064 est,

118 2070 239 2130 altitudo
256 2090 310 2149 per
329 2070 470 2130 directum
485 2069 549 2129 llll.
579 2078 607 2130 at
625 2071 654 2129 in
673 2089 724 2131 ora
740 2072 830 2130 amnis
846 2069 973 2131 Crontcs
990 2079 1077 2131 natus
1093 2073 1134 2131 in-

118 2160 164 2213 ter
185 2151 323 2213 Libanum
339 2161 370 2213 et
390 2152 588 2213 Antilibanum
604 2153 683 2213 iuxta
704 2153 891 2233 Heliopolim.
925 2154 1033 2233 oppida
1057 2155 1134 2216 Rho·

118 2255 168 2298 sos
191 2246 221 2297 et
245 2256 260 2298 a
285 2245 370 2314 tergo
391 2235 499 2296 Portae
524 2254 598 2314 quae
618 2237 721 2314 Syriae
748 2239 946 2317 appellantur,
973 2238 1134 2300 intervallo

116 2320 294 2382 Rhosiorum
314 2321 453 2381 montium
470 2329 500 2381 et
520 2319 616 2380 Tauri.
655 2321 685 2381 in
707 2339 758 2382 ora
781 2323 918 2401 oppidum
934 2320 1132 2399 Myriandros,
1145 2331 1167 2374 25

117 2423 200 2465 mous
222 2406 348 2466 Amanus
371 2406 477 2483 inquo
500 2403 637 2484 oppidum
653 2405 794 2467 Bomitae.
830 2408 896 2485 ipse
919 2404 955 2466 ab
980 2404 1066 2482 Syris
1090 2404 1135 2466 Ci-

118 2489 211 2550 liciam
227 2499 353 2569 separat.

64 2585 102 2640 81
179 2573 230 2637 23.
258 2573 341 2654 (19.)
367 2574 450 2635 Nunc
477 2575 616 2636 interiora
640 2574 779 2636 dicantur.
817 2573 910 2636 Coele
942 2573 1031 2635 babet
1055 2574 1135 2655 Apa·

118 2677 211 2718 meam
225 2656 342 2734 Marsya
357 2676 439 2719 amne
457 2659 578 2719 divisam
598 2657 839 2733 aNanerinorum
857 2658 1031 2735 tetrarchia,
1052 2658 1136 2718 Bam-

117 2742 214 2819 bycen
239 2758 312 2816 quae
330 2741 387 2801 alio
409 2743 523 2802 nomine
543 2741 709 2819 Hierapolis
725 2750 862 2819 vocatur,
885 2742 967 2818 Syris
985 2760 1058 2802 vero
1076 2742 1135 2802 Ma·
1147 2756 1169 2797 so

117 2825 180 2903 bog
204 2859 246 2868 -
270 2824 310 2882 ibi
341 2825 511 2902 prodigiosa
535 2824 703 2903 Atargatis,
734 2823 853 2886 Graecis
880 2834 974 2886 autem
1001 2825 1134 2887 Derceto

118 2911 212 2985 dicta,
233 2907 339 2969 colitur
357 2942 414 2986 -,
432 2908 599 2969 Chalcidem
621 2911 852 2987 cognominatam
867 2909 903 2969 ad
916 2908 1035 2986 Belum,
1055 2911 1134 2971 unde

117 2995 203 3072 regio
232 2991 405 3053 Chalcidena
434 2993 625 3055 fertilissima¹
644 2993 754 3070 Syriae.
800 3002 831 3054 01
864 2994 931 3054 inde
962 2991 1134 3069 Cyrrestice

119 3074 423 3154 Cyrrrrm,'Cazetas,
451 3076 650 3155 Gindarenos,
680 3076 832 3156 Cabenos,
862 3077 1035 3139 tetrarchias
1062 3077 1134 3138 duas

119 3180 192 3240 quae
209 3160 457 3223 Granucomatitae
470 3171 621 3238 vocantur,
637 3160 837 3239 Hermisenos,
853 3161 985 3238 Hylates,
1000 3159 1134 3222 lturaeo·
1147 3175 1171 3217 as

117 3263 180 3305 rum
195 3253 313 3322 gentem
329 3255 359 3306 et
374 3248 422 3324 qui
439 3266 477 3307 ex
492 3247 537 3306 his
552 3245 700 3306 Bethacmi
717 3254 867 3323 vocantur,
882 3244 1133 3323 Mariamnitanos,

66 3337 101 3389 82
119 3330 303 3389 tetrarchiam
324 3348 398 3407 quae
420 3329 586 3390 Mammisea
604 3329 784 3407 appellatur,
803 3329 986 3406 Paradisum,
1009 3327 1133 3407 Pagras,

84 3424 108 3459 ⁷⁹
119 3411 322 3491 Penelenitas,
340 3413 492 3475 Seleucias
507 3423 626 3493 praeter
640 3414 695 3472 iam
711 3413 813 3474 dictam
828 3414 915 3491 duas,
931 3430 1006 3492 quae
1025 3413 1060 3473 ad
1076 3412 1133 3474 Eu·
