2400 3856
119 159 160 222 56
487 170 516 217 c.
533 171 630 217 amm
647 170 796 218 saeuum
851 142 857 151 '

119 327 142 403 Ι,
158 325 355 404 hippocampo
370 322 463 400 Vllll,
483 324 593 384 echinis
609 323 659 383 XI.
692 324 765 405 (21)
783 324 950 387 Ostreorum
967 347 1078 406 genera
1095 340 1126 389 et

120 410 342 471 observationes
359 417 388 467 et
403 409 564 468 medicinae
577 406 690 484 LVllll,
708 427 835 489 purpura
845 410 936 488 Vllll,
965 412 1037 492 (22)
1057 414 1123 491 alga

119 495 226 555 marina
244 493 285 569 II,
320 491 391 570 (23)
408 511 471 551 mus
485 493 610 552 marinus
627 490 670 567 Π,
694 495 811 571 scorpio
829 496 954 556 marinus
969 494 1040 575 Xll,
1058 515 1123 557 sau·

118 580 259 656 guisugae
270 577 320 653 Vl,
336 577 461 637 murices
479 575 556 651 XIII,
574 575 727 650 conchylia
739 577 774 652 V,
804 577 876 658 (24)
893 581 1012 657 piscium
1039 580 1124 658 ades

119 661 157 735 ll,
174 662 338 735 callionymi
353 660 403 736 lll,
421 660 548 721 coracini
563 659 604 719 fel
620 658 643 734 Ι,
660 662 826 737 pectunculi
841 661 864 738 Ι,
883 665 984 742 sepiae
1000 661 1148 741 XXIlll,s

119 744 316 820 ichthyocolla
331 744 368 819 V,
400 743 472 824 (25)
491 745 568 803 batia
583 742 607 818 Ι,
623 742 752 804 bacchus
768 745 830 804 sive
847 764 954 822 myron
969 746 1006 823 ΙΙ,
1023 749 1124 808 marini

121 828 256 909 peduculi
269 828 306 905 ΙΙ,
319 827 391 908 (26)
406 829 535 889 canicula
546 825 610 902 llll,
628 835 723 887 cetum
734 827 758 904 Ι,
776 827 848 908 (27)
865 830 1019 909 delphinus
1030 830 1124 907 Vllll,

121 912 247 974 coluthIa
265 915 328 972 sive
343 912 484 990 coryphia
501 911 551 987 Ill,
570 911 743 986 alcyoneum
757 910 828 988 VII,
844 912 967 989 thynnus
981 915 1018 988 V,
1050 914 1123 993 (28)

120 1015 223 1057 menae
235 995 314 1071 XIII,
331 995 527 1073 scolopendra
538 994 575 1071 ΙΙ,
592 1013 693 1056 saurus
704 995 727 1072 Ι,
745 996 878 1075 {conchis
888 997 924 1076 1,]
943 998 1048 1058 silurus
1057 997 1123 1074 XV,

122 1081 194 1160 (30)
210 1079 355 1139 strombus
371 1080 433 1138 sive
451 1077 562 1141 concha
577 1079 664 1156 longa
678 1078 735 1154 VI,
756 1079 855 1140 tethea
867 1080 912 1157 V,
945 1081 1017 1160 (31)
1037 1081 1123 1142 holus
1136 1095 1164 1136 tu

120 1166 257 1228 marinum
273 1161 301 1237 Ι,
325 1180 443 1238 myaces
455 1161 554 1238 XXV,
570 1163 659 1223 mituli
670 1162 747 1239 VIII,
764 1164 915 1242 pelorides
926 1163 949 1240 Ι,
973 1165 1125 1244 seriphum

120 1247 157 1325 ll,
175 1246 313 1322 erythinis
324 1245 361 1323 ll,
379 1244 451 1327 (32)
463 1248 546 1306 solea
559 1247 640 1323 pisce
652 1244 675 1323 Ι,
691 1246 814 1307 rhombo
824 1247 847 1323 Ι,
864 1247 981 1308 blendia
992 1247 1016 1324 Ι,
1034 1251 1125 1309 urtica

120 1333 227 1392 marina
248 1330 318 1408 Vll,
342 1331 439 1409 pulmo
461 1332 585 1391 marinus
606 1330 663 1406 Vl,
691 1331 822 1406 onyches
844 1331 906 1392 llll.
940 1351 978 1391 ex
1002 1332 1125 1393 colubra

120 1416 253 1495 aquatica
265 1413 295 1491 l,
322 1432 360 1474 ex
375 1413 466 1489 hydro
484 1413 514 1490 Ι,
540 1414 647 1491 mugile
666 1413 694 1489 Ι,
719 1433 756 1474 ex
778 1415 932 1493 pelamyde
947 1415 1016 1492 ΙΙΙΙ,
1049 1415 1122 1495 (34)

121 1501 238 1560 sciaena
252 1497 282 1574 Ι,
305 1516 394 1577 perca
410 1497 479 1573 llll,
508 1517 546 1557 ex
567 1499 698 1576 squatina
717 1496 773 1574 Ill,
799 1499 941 1560 zmarides
956 1499 1013 1575 ΙΙΙ,
1048 1499 1120 1579 (35)
1133 1519 1161 1562 rs

121 1583 239 1663 ophidio
256 1580 280 1657 Ι,
310 1581 382 1661 (36)
400 1600 438 1641 ex
455 1581 528 1641 libro
543 1580 606 1642 llll.
627 1581 720 1655 bryon
734 1581 757 1641 Ι.
785 1580 857 1661 (38)
876 1601 913 1642 ex
929 1583 1022 1644 asello
1039 1584 1123 1660 pisce

119 1667 143 1743 l,
160 1666 272 1745 phagro
289 1664 312 1741 Ι,
329 1684 366 1725 ex
381 1665 503 1726 balaena
518 1665 546 1742 Ι,
581 1663 653 1744 (42)
672 1665 782 1743 polypo
797 1665 819 1724 Ι.
851 1666 924 1746 (45)
942 1685 979 1725 ex
994 1666 1081 1743 glano
1097 1666 1121 1742 I,

121 1751 194 1830 (46)
210 1750 361 1827 glaucisco
382 1749 412 1825 Ι,
443 1749 514 1828 (49)
537 1749 662 1809 rubellio
680 1748 708 1822 l,
736 1748 863 1825 anguilla
878 1749 906 1824 Ι,
934 1767 988 1809 uva
1014 1751 1123 1810 marina

118 1834 233 1913 1,·(60)
250 1833 469 1914 hippopotamio
484 1833 508 1908 Ι,
525 1833 674 1893 crocodilo
692 1831 720 1906 l,
753 1831 825 1912 (52)
844 1833 950 1893 adarca
965 1834 1028 1893 sive
1045 1834 1121 1894 cala·

119 1919 259 1978 mochnus
274 1916 328 1993 ΙΙΙ,
357 1919 467 1978 calamo
483 1916 559 1976 VllI.
592 1916 663 1994 (53)
680 1915 851 1976 Animalium
867 1917 990 1976 omnium
1006 1918 1035 1976 iu
1051 1919 1122 1977 mari
1132 1939 1160 1979 ao

118 2002 274 2060 viventium
289 2003 402 2061 nomina
419 1998 569 2060 CLXXVI.
597 2001 730 2059 Summa:
760 2000 921 2062 medicinae
938 2009 967 2061 et
982 1999 1122 2061 historiae

121 2092 150 2144 et
165 2082 387 2142 observationes
402 2080 593 2142 DGGCGXC.

182 2166 228 2225 Ex
243 2166 424 2226 auctoribus:
452 2166 561 2225 Licinio
578 2164 688 2241 llacro,
706 2165 814 2226 Trebio
830 2167 932 2245 Nigro,
951 2168 1053 2227 Sextio
1072 2166 1122 2225 Ni·

120 2269 174 2329 gro
190 2251 238 2330 qui
253 2248 366 2311 Graece
383 2249 516 2327 scripsit,
533 2247 636 2310 Ovidio
653 2259 751 2328 poeta,
769 2247 871 2310 Cassio
887 2250 1026 2326 Hemina,
1043 2249 1121 2309 blae-

121 2345 241 2411 cenate,
257 2334 382 2411 laccho,
400 2334 543 2395 Sornatio.
576 2332 726 2393 Externis:
753 2333 840 2408 Iuba,
863 2333 995 2410 Andrea,
1019 2333 1161 2412 Salpe,rs

120 2419 246 2498 Apione,
262 2415 385 2497 Pelope,
402 2417 520 2497 Apelle,
538 2416 701 2493 Thrasyllo,
718 2414 874 2477 Nicandro.

181 2501 269 2562 Libro
286 2501 418 2563 XXXlll.
437 2502 617 2562 continentur
631 2501 812 2562 metallorum
828 2510 955 2561 naturae.
984 2499 1121 2581 (2-25)

120 2586 164 2645 De
181 2603 250 2644 auro
267 2579 319 2669 [3.
337 2605 410 2664 quae
431 2587 522 2665 prima
544 2585 753 2645 commendatio
772 2585 843 2643 eius.
871 2587 900 2645 4.
920 2585 957 2644 de
973 2584 1124 2644 anulorum

120 2685 272 2728 aureorum
287 2670 409 2745 origine.
437 2669 465 2727 5.
483 2669 520 2729 de
535 2669 621 2728 modo
638 2669 698 2727 auri
713 2668 788 2745 apud
804 2669 946 2747 antiquos.
974 2667 1067 2729 6-9.
1085 2667 1123 2728 de

122 2753 250 2830 equestri
266 2752 385 2827 ordine,
401 2752 438 2811 de
454 2754 515 2811 iure
532 2752 679 2812 anulorum
696 2769 864 2826 aureorum,
892 2752 920 2810 7.
942 2751 979 2811 de
995 2751 1163 2810 decuriisso

120 2835 253 2895 iudicum.
286 2835 315 2895 9.
332 2835 466 2912 quotiens
481 2852 587 2895 nomen
605 2837 749 2913 equestris
764 2835 873 2895 ordinis
888 2843 1033 2895 mutatum.
1073 2834 1123 2894 10.

122 2921 158 2979 de
175 2919 257 2979 donis
272 2919 442 2979 militaribus
459 2919 554 2978 aureis
570 2928 599 2978 et
614 2921 770 2996 argenteis.
805 2920 852 2979 11.
869 2919 983 2997 quando
1002 2918 1124 2996 primum

122 3020 230 3062 corona
245 3020 333 3062 aurea
350 3002 425 3063 data.
458 3001 505 3062 12.
523 3002 560 3062 de
576 3001 689 3080 reliquo
705 3021 757 3062 usu
773 3003 844 3077 auri,
861 3002 1039 3062 feminarum.
1073 3001 1122 3063 13.

122 3086 157 3146 de
179 3105 291 3147 nummo
309 3104 409 3146 aureo.
443 3086 557 3167 quando
574 3088 694 3165 primum
710 3086 849 3163 signatum
866 3103 934 3161 aes,
959 3094 1122 3162 argentum,

121 3187 227 3229 aurum.
245 3180 397 3250 antequam
415 3190 450 3231 ea
465 3172 655 3248 signarentur,
672 3172 735 3248 quis
750 3186 812 3229 mos
828 3171 856 3228 in
872 3188 952 3230 aere.
972 3187 1048 3249 quae
1064 3182 1159 3229 maes

117 3266 192 3322 xima
208 3263 331 3341 pecunia
353 3260 436 3340 primi
452 3275 585 3318 censuus.
614 3258 749 3335 quotiens
769 3265 799 3316 et
817 3256 921 3333 quibus
947 3256 1130 3334 temporibus

118 3355 202 3405 aucta
221 3348 260 3405 sit
280 3346 357 3405 aeris
380 3350 427 3403 aut
442 3341 546 3401 nummi
565 3341 671 3416 signati
688 3341 864 3400 aestimatio.
896 3337 944 3401 14.
963 3339 1001 3400 de
1016 3338 1130 3419 cupidi-

118 3437 178 3489 tate
194 3429 264 3489 auri.
294 3424 343 3488 15.
363 3428 412 3505 qui
430 3424 581 3504 plurimum
592 3424 653 3482 auri
670 3430 701 3483 et
711 3423 826 3501 argenti
839 3423 1040 3502 possederint.
1080 3420 1133 3487 16.
