2400 3856
318 180 399 226 unu.
416 180 507 228 ausu.
524 181 572 227 vr.
588 173 706 224 ao-aa.
728 165 880 243 (ao-31.)
1043 162 1107 229 243

95 332 247 394 meridiem
263 351 297 394 ac
312 332 476 393 Seleuciam
491 335 566 411 petit
585 331 727 394 Mesenen
742 332 940 411 perfundens,
960 331 1055 394 altero
1071 333 1107 394 ad

95 419 330 496 septentrionem
351 415 446 477 denus
465 416 595 477 eiusdem
613 418 711 494 gentis
732 425 818 495 tergo
841 434 959 495 campos
976 414 1106 477 Cauchas

95 509 196 578 secat,
221 501 268 560 ubi
291 517 462 561 remeavere
483 518 595 580 aquae,
610 499 762 578 Pasitigris
782 501 955 580 appellatus.
986 507 1157 579 postea130

94 585 203 663 recipit
220 602 258 644 ex
273 583 369 644 Media
386 581 558 662 Choaspen,
580 593 685 664 atque,
700 594 731 644 ut
753 584 891 662 diximus,
909 587 987 644 inter
1003 583 1105 645 Seleu·
1114 608 1149 660 pa

63 682 78 723 n
95 669 168 730 ciam
189 677 219 728 et
236 665 457 747 Ctesiphontem
475 676 575 728 vectus
592 670 621 727 in
641 667 740 728 laeuus
760 665 933 728 Chaldaicos
950 686 983 728 se
1000 668 1104 745 lundit,

95 770 209 830 eosque
230 751 309 812 LXll
328 750 358 810 M
378 770 456 829 pass.
480 750 665 830 amplitudine
688 752 788 830 inplet.
825 770 895 812 mox
913 761 995 812 vasto
1018 751 1105 811 alveo

95 837 235 916 prolusus
250 836 353 896 dextra
370 833 508 896 Characis
526 835 626 913 oppidi
642 835 766 895 infertur
781 837 852 895 mari
867 835 987 896 Persico
1003 834 1032 895 X
1045 835 1103 893 mil.

94 937 233 999 passuum
252 936 316 979 ore.
355 918 435 978 Inter
456 918 577 979 duorum
594 920 715 978 amnium
736 920 810 978 ostia
825 917 910 978 XXV
925 918 954 978 Μ
970 937 1104 996 passuum

94 1004 180 1063 fuere
202 1010 267 1079 aut,
290 1010 320 1062 ut
341 1000 388 1062 alii
412 1002 540 1077 tradunt,
562 1001 617 1062 Vll
638 1002 685 1080 M,
706 1011 831 1080 utroque
853 1002 1020 1079 navigabili.
1052 1001 1105 1061 sed

56 1087 185 1164 rolongo
215 1095 346 1165 tempore
372 1085 541 1164 Euphraten
567 1087 755 1164 praeclusere
777 1086 904 1146 Orcheni
932 1095 963 1146 ει
984 1085 1104 1145 accolae

94 1188 182 1247 agros
200 1172 347 1247 rigantes,
372 1188 426 1229 nec
440 1171 495 1229 nisi
511 1188 566 1248 per
582 1169 693 1249 Tigrim
707 1170 838 1231 defertur
853 1173 882 1230 in
897 1188 987 1230 mare.
1023 1169 1093 1229 Pro·
1104 1172 1153 1226 131

93 1257 170 1313 xima
185 1253 265 1330 Tigri
279 1255 364 1330 regio
376 1252 575 1331 Parapotamia
589 1254 763 1333 appellatur.
792 1256 821 1314 in
837 1272 872 1315 ea
884 1254 990 1314 dictum
1006 1261 1051 1313 εει
1067 1253 1103 1313 de
1113 1275 1147 1310 uu

92 1335 225 1397 Mesene.
262 1337 400 1414 oppidum
421 1338 484 1396 eius
500 1336 639 1412 Dabitha,
662 1339 690 1396 ei
715 1339 843 1415 iungitur
859 1337 1019 1398 Chalonitis
1041 1355 1104 1397 cunn

95 1418 307 1498 Ctesiphonte,
325 1437 383 1478 non
397 1419 531 1498 palmetis
543 1420 630 1479 modo
647 1439 747 1480 verum
764 1430 794 1480 et
809 1421 874 1481 olea
887 1423 1038 1499 pomisque
1053 1438 1104 1480 no·

55 1520 81 1560 ru
94 1504 162 1564 bilis
178 1503 302 1580 aliisque
317 1503 455 1563 arbustis.
491 1502 526 1562 ad
542 1520 604 1562 eam
620 1505 759 1582 pervenit
772 1505 882 1581 Zagrus
897 1522 979 1564 mons
997 1523 1034 1562 ex
1049 1503 1104 1562 Ar·

94 1589 188 1647 menia
203 1587 281 1647 inter
295 1586 397 1649 Medos
410 1586 638 1664 Adiabenosque
650 1590 772 1647 veniens
787 1606 874 1665 supra
885 1587 1104 1647 Paraetacenen

94 1680 124 1731 et
147 1669 276 1730 Persida.
317 1668 479 1730 Chalonitis
500 1671 586 1730 abest
612 1689 628 1730 a
650 1671 771 1731 Perside
793 1668 973 1730 ccclxxx
994 1668 1103 1748 Mpas·

94 1773 185 1814 suum.
220 1762 328 1813 tantum
349 1772 366 1813 a
387 1751 495 1831 Caspio
517 1756 588 1814 mari
609 1764 639 1814 ct
660 1773 676 1813 a
697 1753 780 1830 Syria
805 1754 911 1814 abesse
939 1753 1103 1831 conpendio

93 1838 207 1897 itineris
224 1837 312 1914 aliqui
325 1837 448 1898 tradunt.
474 1837 554 1898 luter
568 1837 620 1897 has
635 1846 740 1914 gentes
756 1847 842 1914 atque
854 1836 995 1898 Mesenen
1007 1837 1092 1897 Sitta-
1104 1841 1154 1893 132

54 1936 81 1977 ao
95 1939 168 1981 cene
187 1929 250 1994 est,
269 1920 369 1981 eadem
384 1920 528 1981 Arbelitis
544 1929 574 1980 et
588 1920 754 1980 Palaestine
770 1921 867 1980 dicta·
887 1919 1023 1999 oppidum
1039 1922 1102 1979 eius
1139 1970 1145 1983 .

94 2005 204 2063 Sittace
221 2003 397 2064 Graecorum
411 2005 447 2064 ab
465 2013 548 2081 ortu,
567 2013 597 2065 et
612 2004 756 2080 Sabdata,
771 2005 807 2065 ab
821 2022 925 2064 occasu
936 2012 1031 2064 autem
1045 2003 1103 2062 An-

94 2087 202 2147 tiochia
214 2089 355 2148 interduo
368 2087 482 2148 llumina
495 2087 602 2165 Tigrim
615 2097 645 2148 et
653 2088 859 2149 Tornadotum.
883 2090 951 2149 item
963 2088 1103 2165 Apamea,

94 2173 139 2231 cui
153 2189 259 2232 nomen
273 2171 434 2232 Antiochus
451 2175 551 2232 matris
568 2191 637 2232 suae
653 2174 797 2250 inposuit,
821 2171 918 2249 Tigris
935 2173 1103 2233 circumluu-

93 2254 179 2313 ditur.
205 2254 279 2315 haec
290 2256 426 2315 dividitur
439 2256 568 2316 Archoo.
597 2254 676 2317 inira
688 2265 734 2316 εει
746 2257 884 2332 Susiane,
899 2258 927 2315 in
939 2274 995 2333 qua
1007 2265 1090 2317 vetus
1104 2259 1153 2312 133

54 2352 81 2393 as
94 2338 177 2413 regia
197 2336 350 2397 Persarum
367 2338 439 2398 Susa
462 2357 478 2398 a
499 2339 590 2397 Dario
612 2338 766 2417 Hystaspis
786 2338 846 2398 lilio
866 2339 989 2398 condita.
1019 2339 1104 2399 abest

94 2437 111 2479 a
134 2418 269 2479 Seleucia
289 2419 449 2496 babylonia
473 2419 595 2480 CCCCL
618 2421 676 2479 mil.
702 2439 853 2499 passuum,
877 2420 1041 2480 tantundem
1066 2421 1103 2481 ab

94 2502 251 2563 Ecbatanis
273 2503 421 2563 Medorum
442 2522 497 2581 per
512 2512 638 2563 montem
659 2501 841 2564 Carbantum.
873 2503 906 2562 ln
927 2506 1104 2583 septentrio·

94 2586 151 2647 nali
164 2586 261 2664 Tigris
273 2587 358 2647 alueo
370 2588 505 2665 oppidum
518 2596 564 2647 est
575 2587 720 2647 Babitace.
748 2588 832 2648 abest
844 2605 860 2646 a
872 2587 953 2647 Susis
968 2585 1104 2647 CXXXV

93 2668 123 2729 M
137 2688 280 2748 passuum.
315 2671 358 2730 lbi
375 2671 537 2730 mortalium
558 2671 631 2731 solis
646 2688 744 2731 aurum
765 2673 795 2730 in
817 2671 895 2732 odio.
931 2671 1104 2731 contrahunt

56 2769 82 2810 aa
95 2753 124 2813 id
139 2753 365 2833 defodiuntque,
381 2773 417 2814 ne
434 2757 479 2814 cui
496 2757 574 2814 sitin
589 2774 652 2814 usu.
684 2754 813 2814 Susianis
830 2754 865 2815 ad
879 2756 1022 2816 orientem
1038 2773 1104 2815 ver·

94 2856 144 2897 sus
160 2839 315 2916 iunguntur
331 2837 396 2896 Oxii
414 2837 544 2899 latrones
568 2848 597 2900 ct
614 2838 791 2899 Mizaeorum
806 2839 856 2900 XL
872 2839 973 2918 populi
990 2839 1103 2899 liberae

92 2921 230 2984 feritatis.
266 2923 358 3000 Supra
379 2939 431 2981 eos
454 2931 557 2999 parent
578 2921 692 2982 Parthis
713 2921 806 2983 Mardi
829 2932 859 2984 et
880 2922 976 2982 Saitae
998 2924 1018 2981 ii
1043 2923 1090 2998 qui
1104 2925 1155 2976 134

93 3005 320 3082 praetenduntur
335 3023 422 3084 supra
434 3005 600 3081 Elymaida,
616 3024 700 3084 quam
713 3006 824 3066 Persidi
840 3008 870 3065 in
883 3023 933 3065 ora
948 3007 1101 3064 iunximus.

95 3087 171 3148 Susa
186 3107 202 3147 a
217 3087 337 3148 Persico
352 3091 422 3148 mari
439 3090 542 3149 absunt
555 3087 625 3149 CCL
637 3089 695 3149 mil.
710 3107 854 3168 passuum.
885 3085 947 3159 Qua
963 3089 1052 3149 subiit
1066 3087 1101 3148 ad
1112 3097 1142 3133 ¹¹¹

55 3187 81 3230 aa
96 3190 159 3231 eam
176 3171 277 3230 classis
298 3171 455 3232 Alexandri
477 3171 632 3251 Pasitigri,
653 3175 733 3233 vicus
756 3172 791 3232 ad
812 3173 902 3231 lacum
919 3170 1101 3232 Chaldaicum

95 3263 217 3315 vocatur
232 3253 325 3331 Aple,
348 3257 421 3316 unde
440 3256 513 3315 Susa
534 3259 719 3334 nauigatione
736 3255 787 3316 hX
807 3255 836 3315 M
856 3255 881 3315 D
902 3274 1036 3334 passuum
1052 3255 1102 3315 ab·

95 3347 170 3401 sunt.
200 3337 328 3397 Susianis
347 3338 382 3398 ab
400 3342 513 3400 oriente
530 3343 654 3417 proximi
677 3349 742 3399 sunt
757 3338 908 3414 Cossiaei,
925 3337 1011 3416 sup'ra
1031 3336 1101 3398 Cos·

95 3424 192 3483 siaeos
208 3421 243 3482 ad
264 3425 494 3501 septentrionem
509 3423 712 3485 Massabatene
735 3423 788 3482 sub
808 3431 907 3482 monte
924 3420 1100 3493 Cambalido‚

840 3504 900 3567 16*
