2400 3856
135 158 194 221 tot
252 168 655 219 o.1>nrnrsacuuurunr.
673 169 764 218 ursu.
781 170 832 217 111.
850 166 893 221 aa.
911 153 1066 240 (ao-so.)

131 340 246 382 versum
262 329 356 382 autam
370 323 463 383 sinam
479 321 580 382 ltaliae
601 331 631 383 et
645 320 755 398 lllyrici
775 322 880 383 ambitu
890 324 971 403 lffil
983 340 1133 402 passuum·

89 431 125 467 ccc
132 404 164 465 ln
176 422 213 464 eo
231 404 286 464 duo
302 409 390 467 maria
406 422 463 485 quo
478 407 657 467 distinximus
673 406 746 482 line,
764 405 874 467 lonium
885 409 914 466 in
928 409 1022 486 prima
1038 416 1133 486 pam,

131 489 252 548 interius
266 488 459 550 Hadriaticum
474 490 552 568 quod
567 507 703 568 superum
718 499 832 550 vocant.

89 581 138 634 151
198 571 281 651 (30.)
297 572 412 634 Insulae
427 575 457 650 in
472 571 600 633 Ausonio
616 575 687 633 mari
701 581 819 652 praeter
833 574 888 633 iam
909 575 1001 635 dictas
1022 591 1135 635 memo·

130 662 193 716 ratu
208 656 314 733 dignae
329 656 436 732 nullae,
452 658 481 716 in
492 656 572 717 lonio
586 674 706 736 paucae.
730 653 855 718 Calabro
867 658 952 718 litore
965 666 1033 718 ante
1043 657 1157 722 Brun-c

131 739 242 800 dusium
257 758 375 818 quarum
389 741 506 801 obiectu
522 749 623 819 portus
644 740 783 815 efficitur,
808 750 907 802 contra
922 740 1051 820 Apulum
1066 742 1135 802 litus

130 821 284 884 Diomedia
307 827 464 904 conspicua
487 833 670 884 monumento
692 823 844 885 Diomedis
867 832 896 885 et
918 825 1009 885 altera
1026 826 1136 886 eodem

130 909 245 967 nomine
260 925 277 967 a
293 909 463 987 quibusdam
475 907 591 967 Teutria
608 907 765 986 appellata
792 906 902 1008 Illyrici
917 926 968 968 ora
980 907 1061 986 mille
1074 928 1136 969 am·

129 990 206 1068 plius
222 992 322 1051 insulis
340 992 553 1070 frequentatur,
575 999 675 1051 natura
692 991 803 1051 uadoso
826 993 896 1052 mari
918 993 1136 1072 aestuariisque

129 1075 208 1133 terrui
229 1074 315 1133 alveo
333 1073 598 1133 intercursantibus.
621 1070 728 1134 clarae
750 1082 816 1135 aute
839 1077 912 1136 ostia
935 1074 1169 1141 Timavicali·1n

130 1155 231 1217 dorum
246 1156 366 1216 fontium
382 1174 446 1215 oum
460 1165 543 1217 aestu
557 1158 643 1218 maris
660 1159 864 1218 crescentium
880 1161 957 1219 iuxta
969 1157 1137 1218 Histrorum

130 1255 231 1316 agrum
253 1235 356 1316 Cissa,
380 1239 504 1301 Pullaria
527 1249 557 1301 et
579 1240 753 1316 Absyrtides
779 1239 862 1302 Grais
884 1242 978 1303 dictae
1001 1259 1017 1301 a
1040 1241 1136 1303 fratre

88 1331 140 1384 152
151 1322 275 1383 Medeae
291 1322 330 1382 ibi
352 1323 507 1384 interiecto
523 1325 662 1400 Absyrto.
693 1327 771 1386 iuxta
796 1343 848 1384 aas
862 1324 1027 1386 Electridas
1043 1343 1136 1386 voca·

129 1425 202 1467 vere
219 1407 367 1486 inquibus
384 1411 558 1487 proveniret,
568 1411 697 1469 sucinum
712 1408 789 1488 quod
807 1408 848 1468 illi
872 1408 1013 1469 electrum
1027 1409 1135 1487 appel·

93 1538 97 1543 .
130 1489 200 1566 lant,
214 1492 347 1552 vanitatis
359 1492 489 1553 Graecae
503 1494 693 1553 certissimum
705 1491 915 1567 documentum,
928 1492 1004 1551 adeo
1015 1501 1047 1551 ut
1060 1509 1134 1571 quas
1146 1512 1169 1552 rs

131 1592 230 1635 carum
245 1575 398 1653 designent
419 1575 488 1638 bant
506 1594 639 1656 umquam
660 1576 830 1636 constiterit.
862 1584 961 1636 contra
982 1573 1071 1635 lader
1089 1585 1136 1635 est

89 1657 229 1734 subisse,
252 1669 281 1718 et
302 1677 376 1738 quae
394 1659 573 1738 appellatae,
602 1669 701 1720 contra
715 1658 856 1719 Liburnos
874 1656 998 1719 crateae
1021 1657 1137 1737 aliquot

131 1748 187 1802 nec
208 1744 364 1821 pauciores
387 1742 569 1820 Libumicae‚
589 1740 777 1804 Celadussae.
807 1752 906 1802 contra
923 1742 1036 1801 Surium
1052 1740 1135 1802 Baro

131 1835 161 1886 ct
188 1828 285 1904 capris
307 1826 420 1887 laudata
438 1827 561 1902 Brattia,
586 1826 648 1887 lssa
672 1828 776 1886 civium
798 1825 992 1886 Romanorum
1015 1834 1045 1885 et
1069 1842 1136 1885 cum

131 1909 370 2053 tibitibi·
386 1911 438 2055 dl
454 1907 1169 2056 lttdlitullaudabili&²·

41 2098 45 2105 ·
130 2074 277 2150 Illyricum
297 2012 415 2153 bleffe,
438 2057 513 2138 unde
537 2077 649 2138 catulos
664 2011 822 2136 Μθίξιαοοσ
839 2038 992 2155 afrpellari
994 2009 1135 2138 gallima-

132 2155 203 2218 chus
225 2167 325 2218 auctor
345 2168 400 2219 est.
426 2159 482 2220 XV
504 2159 534 2221 Μ
555 2177 690 2239 passuum
713 2159 749 2219 ab
774 2178 809 2220 ea
829 2158 884 2220 vll
908 2156 1071 2255 Elaphites.
1107 2159 1136 2219 in

131 2240 212 2302 lonio
233 2249 329 2301 autem
349 2244 421 2304 mari
442 2243 478 2305 ab
495 2241 641 2305 OricoXll
654 2241 854 2322 llllpassuum
870 2243 988 2304 Sasonis
1010 2243 1136 2320 piratica

130 2325 257 2422 statione
272 2333 349 2390 noia
