<?xml version="1.0" encoding="UTF-8"?>
<!DOCTYPE html PUBLIC "-//W3C//DTD XHTML 1.0 Transitional//EN"
    "http://www.w3.org/TR/xhtml1/DTD/xhtml1-transitional.dtd">
<html xmlns="http://www.w3.org/1999/xhtml" xml:lang="en" lang="en">
 <head>
  <title>
</title>
<meta http-equiv="Content-Type" content="text/html;charset=utf-8" />
  <meta name='ocr-system' content='tesseract 3.04.00' />
  <meta name='ocr-capabilities' content='ocr_page ocr_carea ocr_par ocr_line ocrx_word'/>
</head>
<body>
  <div class='ocr_page' id='page_1' title='image "./cplinisecundina07plingoog_0310.png"; bbox 0 0 2400 3856; ppageno 0'>
   <div class='ocr_carea' id='block_1_1' title="bbox 317 171 1109 256">
    <p class='ocr_par' dir='ltr' id='par_1_1' title="bbox 317 171 1109 256">
     <span class='ocr_line' id='line_1_1' title="bbox 317 171 1109 256; baseline 0.001 -20"><span class='ocrx_word' id='word_1_1' title='bbox 317 187 396 237; x_wconf 72' lang='lat' dir='ltr'><strong>nar.</strong></span> <span class='ocrx_word' id='word_1_2' title='bbox 418 187 510 237; x_wconf 80' lang='lat' dir='ltr'><strong>uisu.</strong></span> <span class='ocrx_word' id='word_1_3' title='bbox 533 189 579 236; x_wconf 90' lang='lat' dir='ltr'><strong>v1.</strong></span> <span class='ocrx_word' id='word_1_4' title='bbox 604 181 719 235; x_wconf 77' lang='lat'>10-13.</span> <span class='ocrx_word' id='word_1_5' title='bbox 744 173 881 256; x_wconf 77' lang='lat' dir='ltr'><strong>(ll-15.)</strong></span> <span class='ocrx_word' id='word_1_6' title='bbox 1045 171 1109 237; x_wconf 80' lang='lat'><strong>223</strong></span> 
     </span>
    </p>
   </div>
   <div class='ocr_carea' id='block_1_2' title="bbox 34 340 1168 3521">
    <p class='ocr_par' dir='ltr' id='par_1_2' title="bbox 34 340 1161 671">
     <span class='ocr_line' id='line_1_2' title="bbox 34 340 1108 420; baseline 0 -18"><span class='ocrx_word' id='word_1_7' title='bbox 34 397 37 402; x_wconf 89' lang='lat'>.</span> <span class='ocrx_word' id='word_1_8' title='bbox 97 360 113 402; x_wconf 91' lang='lat' dir='ltr'><strong>a</strong></span> <span class='ocrx_word' id='word_1_9' title='bbox 129 343 351 419; x_wconf 78' lang='lat' dir='ltr'><strong>septentrione,</strong></span> <span class='ocrx_word' id='word_1_10' title='bbox 367 341 403 402; x_wconf 92' lang='lat' dir='ltr'><strong>ab</strong></span> <span class='ocrx_word' id='word_1_11' title='bbox 424 343 538 402; x_wconf 87' lang='lat' dir='ltr'><strong>oriente</strong></span> <span class='ocrx_word' id='word_1_12' title='bbox 554 340 651 419; x_wconf 83' lang='lat' dir='ltr'><strong>Eous,</strong></span> <span class='ocrx_word' id='word_1_13' title='bbox 674 343 825 404; x_wconf 90' lang='lat' dir='ltr'><strong>ameridie</strong></span> <span class='ocrx_word' id='word_1_14' title='bbox 845 342 959 402; x_wconf 88' lang='lat' dir='ltr'><strong>ludicus</strong></span> <span class='ocrx_word' id='word_1_15' title='bbox 974 351 1108 420; x_wconf 85' lang='lat' dir='ltr'><strong>vocatur,</strong></span> 
     </span>
     <span class='ocr_line' id='line_1_3' title="bbox 97 425 1109 504; baseline 0.004 -21"><span class='ocrx_word' id='word_1_16' title='bbox 97 427 238 502; x_wconf 85' lang='lat' dir='ltr'><strong>varieque</strong></span> <span class='ocrx_word' id='word_1_17' title='bbox 255 444 310 504; x_wconf 89' lang='lat' dir='ltr'><strong>per</strong></span> <span class='ocrx_word' id='word_1_18' title='bbox 328 427 426 486; x_wconf 90' lang='lat' dir='ltr'><strong>sinuus</strong></span> <span class='ocrx_word' id='word_1_19' title='bbox 444 434 475 484; x_wconf 94' lang='lat' dir='ltr'><strong>et</strong></span> <span class='ocrx_word' id='word_1_20' title='bbox 491 425 606 487; x_wconf 89' lang='lat' dir='ltr'><strong>accolas</strong></span> <span class='ocrx_word' id='word_1_21' title='bbox 628 427 657 486; x_wconf 90' lang='lat' dir='ltr'><strong>iu</strong></span> <span class='ocrx_word' id='word_1_22' title='bbox 678 426 817 504; x_wconf 79' lang='lat' dir='ltr'>conplura</span> <span class='ocrx_word' id='word_1_23' title='bbox 833 429 947 486; x_wconf 91' lang='lat' dir='ltr'><strong>nomina</strong></span> <span class='ocrx_word' id='word_1_24' title='bbox 962 427 1109 487; x_wconf 88' lang='lat' dir='ltr'><strong>dividitur.</strong></span> 
     </span>
     <span class='ocr_line' id='line_1_4' title="bbox 97 509 1109 589; baseline 0.001 -21"><span class='ocrx_word' id='word_1_25' title='bbox 97 527 199 570; x_wconf 86' lang='lat' dir='ltr'><strong>verum</strong></span> <span class='ocrx_word' id='word_1_26' title='bbox 215 509 305 569; x_wconf 80' lang='lat' dir='ltr'><strong>Asiae</strong></span> <span class='ocrx_word' id='word_1_27' title='bbox 327 527 443 589; x_wconf 92' lang='lat' dir='ltr'><strong>quoque</strong></span> <span class='ocrx_word' id='word_1_28' title='bbox 459 527 561 587; x_wconf 87' lang='lat' dir='ltr'><strong>magna</strong></span> <span class='ocrx_word' id='word_1_29' title='bbox 583 511 680 587; x_wconf 87' lang='lat' dir='ltr'><strong>portio</strong></span> <span class='ocrx_word' id='word_1_30' title='bbox 703 509 836 589; x_wconf 89' lang='lat' dir='ltr'><strong>adposita</strong></span> <span class='ocrx_word' id='word_1_31' title='bbox 852 511 1046 588; x_wconf 79' lang='lat' dir='ltr'><strong>septentrioni</strong></span> <span class='ocrx_word' id='word_1_32' title='bbox 1067 513 1109 569; x_wconf 92' lang='lat' dir='ltr'><strong>in-</strong></span> 
     </span>
     <span class='ocr_line' id='line_1_5' title="bbox 98 592 1161 671; baseline 0.006 -20"><span class='ocrx_word' id='word_1_33' title='bbox 98 594 172 651; x_wconf 87' lang='lat' dir='ltr'><strong>iuria</strong></span> <span class='ocrx_word' id='word_1_34' title='bbox 196 592 302 653; x_wconf 90' lang='lat' dir='ltr'><strong>sideris</strong></span> <span class='ocrx_word' id='word_1_35' title='bbox 325 595 425 671; x_wconf 82' lang='lat' dir='ltr'><strong>rigens</strong></span> <span class='ocrx_word' id='word_1_36' title='bbox 449 602 544 654; x_wconf 87' lang='lat' dir='ltr'><strong>vastas</strong></span> <span class='ocrx_word' id='word_1_37' title='bbox 567 592 740 654; x_wconf 87' lang='lat' dir='ltr'><strong>solitudines</strong></span> <span class='ocrx_word' id='word_1_38' title='bbox 761 594 858 655; x_wconf 90' lang='lat' dir='ltr'><strong>habet.</strong></span> <span class='ocrx_word' id='word_1_39' title='bbox 904 594 951 653; x_wconf 77' lang='lat' dir='ltr'><strong>Ab</strong></span> <span class='ocrx_word' id='word_1_40' title='bbox 977 601 1109 653; x_wconf 84' lang='lat' dir='ltr'><strong>extremo</strong></span> <span class='ocrx_word' id='word_1_41' title='bbox 1128 603 1161 657; x_wconf 81' lang='lat'><strong>34</strong></span> 
     </span>
    </p>

    <p class='ocr_par' dir='ltr' id='par_1_3' title="bbox 64 676 1112 1090">
     <span class='ocr_line' id='line_1_6' title="bbox 64 676 1108 754; baseline 0.002 -20"><span class='ocrx_word' id='word_1_42' title='bbox 64 687 77 727; x_wconf 84' lang='lat' dir='ltr'><strong>t</strong></span> <span class='ocrx_word' id='word_1_43' title='bbox 99 676 235 754; x_wconf 90' lang='lat' dir='ltr'><strong>aquilone</strong></span> <span class='ocrx_word' id='word_1_44' title='bbox 256 678 290 737; x_wconf 94' lang='lat' dir='ltr'><strong>ad</strong></span> <span class='ocrx_word' id='word_1_45' title='bbox 308 678 419 737; x_wconf 91' lang='lat' dir='ltr'><strong>initium</strong></span> <span class='ocrx_word' id='word_1_46' title='bbox 438 677 560 737; x_wconf 92' lang='lat' dir='ltr'><strong>orientis</strong></span> <span class='ocrx_word' id='word_1_47' title='bbox 575 678 680 737; x_wconf 88' lang='lat' dir='ltr'><strong>aestivi</strong></span> <span class='ocrx_word' id='word_1_48' title='bbox 699 677 825 753; x_wconf 75' lang='lat' dir='ltr'><strong>Scythae</strong></span> <span class='ocrx_word' id='word_1_49' title='bbox 848 676 922 737; x_wconf 87' lang='lat' dir='ltr'><strong>sunt.</strong></span> <span class='ocrx_word' id='word_1_50' title='bbox 956 687 1039 737; x_wconf 84' lang='lat' dir='ltr'><strong>extra</strong></span> <span class='ocrx_word' id='word_1_51' title='bbox 1056 694 1108 736; x_wconf 88' lang='lat' dir='ltr'><strong>eos</strong></span> 
     </span>
     <span class='ocr_line' id='line_1_7' title="bbox 99 759 1110 841; baseline 0.002 -23"><span class='ocrx_word' id='word_1_52' title='bbox 99 760 231 837; x_wconf 89' lang='lat' dir='ltr'><strong>ultraque</strong></span> <span class='ocrx_word' id='word_1_53' title='bbox 248 759 392 838; x_wconf 92' lang='lat' dir='ltr'><strong>aquilonis</strong></span> <span class='ocrx_word' id='word_1_54' title='bbox 410 761 492 820; x_wconf 87' lang='lat' dir='ltr'><strong>initia</strong></span> <span class='ocrx_word' id='word_1_55' title='bbox 514 760 727 839; x_wconf 88' lang='lat' dir='ltr'><strong>Hyperboreos</strong></span> <span class='ocrx_word' id='word_1_56' title='bbox 747 761 834 838; x_wconf 83' lang='lat' dir='ltr'><strong>aliqui</strong></span> <span class='ocrx_word' id='word_1_57' title='bbox 853 778 998 841; x_wconf 91' lang='lat' dir='ltr'><strong>posuere,</strong></span> <span class='ocrx_word' id='word_1_58' title='bbox 1022 760 1110 838; x_wconf 92' lang='lat' dir='ltr'><strong>pluri-</strong></span> 
     </span>
     <span class='ocr_line' id='line_1_8' title="bbox 98 843 1111 923; baseline -0.001 -20"><span class='ocrx_word' id='word_1_59' title='bbox 98 843 201 903; x_wconf 91' lang='lat' dir='ltr'><strong>busin</strong></span> <span class='ocrx_word' id='word_1_60' title='bbox 223 843 343 921; x_wconf 88' lang='lat' dir='ltr'><strong>Europa</strong></span> <span class='ocrx_word' id='word_1_61' title='bbox 361 845 463 904; x_wconf 90' lang='lat' dir='ltr'><strong>dictos.</strong></span> <span class='ocrx_word' id='word_1_62' title='bbox 495 843 620 904; x_wconf 89' lang='lat' dir='ltr'><strong>Primum</strong></span> <span class='ocrx_word' id='word_1_63' title='bbox 641 845 709 904; x_wconf 91' lang='lat' dir='ltr'><strong>inde</strong></span> <span class='ocrx_word' id='word_1_64' title='bbox 729 846 860 905; x_wconf 88' lang='lat' dir='ltr'><strong>noscitur</strong></span> <span class='ocrx_word' id='word_1_65' title='bbox 883 846 1111 923; x_wconf 89' lang='lat' dir='ltr'><strong>promunturium</strong></span> 
     </span>
     <span class='ocr_line' id='line_1_9' title="bbox 100 923 1111 1005; baseline 0.002 -21"><span class='ocrx_word' id='word_1_66' title='bbox 100 923 231 986; x_wconf 79' lang='lat' dir='ltr'><strong>Celticae</strong></span> <span class='ocrx_word' id='word_1_67' title='bbox 248 926 425 1004; x_wconf 77' lang='lat' dir='ltr'><strong>Lytharmis,</strong></span> <span class='ocrx_word' id='word_1_68' title='bbox 446 927 548 988; x_wconf 87' lang='lat' dir='ltr'><strong>lluvius</strong></span> <span class='ocrx_word' id='word_1_69' title='bbox 565 926 767 1005; x_wconf 81' lang='lat' dir='ltr'><strong>Carambucis,</strong></span> <span class='ocrx_word' id='word_1_70' title='bbox 791 927 840 987; x_wconf 93' lang='lat' dir='ltr'><strong>ubi</strong></span> <span class='ocrx_word' id='word_1_71' title='bbox 866 923 982 987; x_wconf 87' lang='lat' dir='ltr'><strong>lassata</strong></span> <span class='ocrx_word' id='word_1_72' title='bbox 993 945 1057 987; x_wconf 91' lang='lat' dir='ltr'><strong>cum</strong></span> <span class='ocrx_word' id='word_1_73' title='bbox 1074 929 1111 986; x_wconf 89' lang='lat' dir='ltr'><strong>si-</strong></span> 
     </span>
     <span class='ocr_line' id='line_1_10' title="bbox 100 1009 1112 1090; baseline 0.002 -22"><span class='ocrx_word' id='word_1_74' title='bbox 100 1010 200 1069; x_wconf 90' lang='lat' dir='ltr'><strong>derum</strong></span> <span class='ocrx_word' id='word_1_75' title='bbox 221 1011 250 1069; x_wconf 91' lang='lat' dir='ltr'><strong>vi</strong></span> <span class='ocrx_word' id='word_1_76' title='bbox 273 1009 451 1089; x_wconf 85' lang='lat' dir='ltr'><strong>Ripaeorum</strong></span> <span class='ocrx_word' id='word_1_77' title='bbox 470 1015 608 1072; x_wconf 86' lang='lat' dir='ltr'><strong>montium</strong></span> <span class='ocrx_word' id='word_1_78' title='bbox 632 1012 768 1072; x_wconf 89' lang='lat' dir='ltr'><strong>deliciunt</strong></span> <span class='ocrx_word' id='word_1_79' title='bbox 790 1013 872 1089; x_wconf 85' lang='lat' dir='ltr'><strong>iuga,</strong></span> <span class='ocrx_word' id='word_1_80' title='bbox 895 1012 996 1090; x_wconf 85' lang='lat' dir='ltr'><strong>ibique</strong></span> <span class='ocrx_word' id='word_1_81' title='bbox 1018 1010 1112 1070; x_wconf 84' lang='lat' dir='ltr'><strong>Arim-</strong></span> 
     </span>
    </p>

    <p class='ocr_par' dir='ltr' id='par_1_4' title="bbox 56 1093 1163 1508">
     <span class='ocr_line' id='line_1_11' title="bbox 56 1093 1111 1174; baseline 0.003 -24"><span class='ocrx_word' id='word_1_82' title='bbox 56 1093 210 1172; x_wconf 87' lang='lat' dir='ltr'><strong>·10phaeos</strong></span> <span class='ocrx_word' id='word_1_83' title='bbox 238 1095 376 1173; x_wconf 90' lang='lat' dir='ltr'><strong>quosdam</strong></span> <span class='ocrx_word' id='word_1_84' title='bbox 404 1097 586 1174; x_wconf 90' lang='lat' dir='ltr'><strong>accepimus,</strong></span> <span class='ocrx_word' id='word_1_85' title='bbox 619 1095 688 1156; x_wconf 93' lang='lat' dir='ltr'><strong>haut</strong></span> <span class='ocrx_word' id='word_1_86' title='bbox 713 1096 882 1156; x_wconf 87' lang='lat' dir='ltr'><strong>dissimilem</strong></span> <span class='ocrx_word' id='word_1_87' title='bbox 909 1094 1111 1173; x_wconf 74' lang='lat' dir='ltr'><strong>Hyperboreis</strong></span> 
     </span>
     <span class='ocr_line' id='line_1_12' title="bbox 99 1179 1163 1259; baseline 0.005 -22"><span class='ocrx_word' id='word_1_88' title='bbox 99 1186 227 1254; x_wconf 88' lang='lat' dir='ltr'><strong>gentem.</strong></span> <span class='ocrx_word' id='word_1_89' title='bbox 257 1179 344 1240; x_wconf 91' lang='lat' dir='ltr'><strong>sedes</strong></span> <span class='ocrx_word' id='word_1_90' title='bbox 366 1179 424 1238; x_wconf 95' lang='lat' dir='ltr'><strong>illis</strong></span> <span class='ocrx_word' id='word_1_91' title='bbox 448 1197 584 1257; x_wconf 92' lang='lat' dir='ltr'><strong>nemora,</strong></span> <span class='ocrx_word' id='word_1_92' title='bbox 606 1180 741 1240; x_wconf 90' lang='lat' dir='ltr'><strong>alimenta</strong></span> <span class='ocrx_word' id='word_1_93' title='bbox 760 1182 868 1258; x_wconf 87' lang='lat' dir='ltr'><strong>bacae,</strong></span> <span class='ocrx_word' id='word_1_94' title='bbox 892 1179 1013 1259; x_wconf 92' lang='lat' dir='ltr'><strong>capillus</strong></span> <span class='ocrx_word' id='word_1_95' title='bbox 1034 1180 1114 1239; x_wconf 82' lang='lat' dir='ltr'><strong>iuxta</strong></span> <span class='ocrx_word' id='word_1_96' title='bbox 1129 1187 1163 1242; x_wconf 78' lang='grc'><strong>35</strong></span> 
     </span>
     <span class='ocr_line' id='line_1_13' title="bbox 99 1263 1110 1341; baseline 0.004 -21"><span class='ocrx_word' id='word_1_97' title='bbox 99 1263 214 1320; x_wconf 85' lang='lat' dir='ltr'><strong>leminis</strong></span> <span class='ocrx_word' id='word_1_98' title='bbox 241 1263 372 1340; x_wconf 88' lang='lat' dir='ltr'><strong>virisque</strong></span> <span class='ocrx_word' id='word_1_99' title='bbox 398 1264 428 1321; x_wconf 94' lang='lat' dir='ltr'><strong>in</strong></span> <span class='ocrx_word' id='word_1_100' title='bbox 452 1264 563 1340; x_wconf 92' lang='lat' dir='ltr'><strong>probro</strong></span> <span class='ocrx_word' id='word_1_101' title='bbox 591 1266 791 1341; x_wconf 87' lang='lat' dir='ltr'><strong>existimatur,</strong></span> <span class='ocrx_word' id='word_1_102' title='bbox 816 1266 909 1324; x_wconf 92' lang='lat' dir='ltr'><strong>rituus</strong></span> <span class='ocrx_word' id='word_1_103' title='bbox 941 1264 1110 1324; x_wconf 90' lang='lat' dir='ltr'><strong>clementes.</strong></span> 
     </span>
     <span class='ocr_line' id='line_1_14' title="bbox 100 1345 1112 1424; baseline 0.004 -21"><span class='ocrx_word' id='word_1_104' title='bbox 100 1347 199 1423; x_wconf 91' lang='lat' dir='ltr'><strong>itaque</strong></span> <span class='ocrx_word' id='word_1_105' title='bbox 221 1363 321 1405; x_wconf 90' lang='lat' dir='ltr'><strong>sacros</strong></span> <span class='ocrx_word' id='word_1_106' title='bbox 342 1345 445 1404; x_wconf 87' lang='lat' dir='ltr'><strong>haberi</strong></span> <span class='ocrx_word' id='word_1_107' title='bbox 464 1355 580 1405; x_wconf 86' lang='lat' dir='ltr'><strong>narrant</strong></span> <span class='ocrx_word' id='word_1_108' title='bbox 600 1346 818 1424; x_wconf 90' lang='lat' dir='ltr'><strong>inviolatosque</strong></span> <span class='ocrx_word' id='word_1_109' title='bbox 841 1366 909 1406; x_wconf 91' lang='lat' dir='ltr'><strong>esse</strong></span> <span class='ocrx_word' id='word_1_110' title='bbox 931 1349 1017 1407; x_wconf 91' lang='lat' dir='ltr'><strong>etiam</strong></span> <span class='ocrx_word' id='word_1_111' title='bbox 1039 1349 1112 1407; x_wconf 87' lang='lat' dir='ltr'><strong>ieris</strong></span> 
     </span>
     <span class='ocr_line' id='line_1_15' title="bbox 100 1427 1112 1508; baseline 0.003 -21"><span class='ocrx_word' id='word_1_112' title='bbox 100 1427 264 1488; x_wconf 88' lang='lat' dir='ltr'><strong>accolarum</strong></span> <span class='ocrx_word' id='word_1_113' title='bbox 287 1428 453 1507; x_wconf 88' lang='lat' dir='ltr'><strong>popularis,</strong></span> <span class='ocrx_word' id='word_1_114' title='bbox 477 1447 533 1487; x_wconf 92' lang='lat' dir='ltr'><strong>nec</strong></span> <span class='ocrx_word' id='word_1_115' title='bbox 552 1431 635 1507; x_wconf 92' lang='lat' dir='ltr'><strong>ipsos</strong></span> <span class='ocrx_word' id='word_1_116' title='bbox 655 1429 741 1489; x_wconf 92' lang='lat' dir='ltr'><strong>modo</strong></span> <span class='ocrx_word' id='word_1_117' title='bbox 767 1430 819 1489; x_wconf 91' lang='lat' dir='ltr'><strong>sed</strong></span> <span class='ocrx_word' id='word_1_118' title='bbox 842 1430 911 1489; x_wconf 91' lang='lat' dir='ltr'><strong>illos</strong></span> <span class='ocrx_word' id='word_1_119' title='bbox 931 1447 1048 1507; x_wconf 90' lang='lat' dir='ltr'><strong>quoque</strong></span> <span class='ocrx_word' id='word_1_120' title='bbox 1064 1433 1112 1508; x_wconf 94' lang='lat' dir='ltr'><strong>qui</strong></span> 
     </span>
    </p>

    <p class='ocr_par' dir='ltr' id='par_1_5' title="bbox 63 1508 1114 1755">
     <span class='ocr_line' id='line_1_16' title="bbox 63 1508 1112 1591; baseline 0.006 -24"><span class='ocrx_word' id='word_1_121' title='bbox 63 1525 87 1567; x_wconf 84' lang='lat'><strong>15</strong></span> <span class='ocrx_word' id='word_1_122' title='bbox 101 1513 136 1571; x_wconf 87' lang='lat' dir='ltr'><strong>ad</strong></span> <span class='ocrx_word' id='word_1_123' title='bbox 152 1530 205 1572; x_wconf 90' lang='lat' dir='ltr'><strong>eos</strong></span> <span class='ocrx_word' id='word_1_124' title='bbox 222 1514 418 1591; x_wconf 85' lang='lat' dir='ltr'><strong>profugerint.</strong></span> <span class='ocrx_word' id='word_1_125' title='bbox 447 1508 531 1572; x_wconf 84' lang='lat' dir='ltr'><strong>Ultra</strong></span> <span class='ocrx_word' id='word_1_126' title='bbox 548 1530 601 1573; x_wconf 92' lang='lat' dir='ltr'><strong>eos</strong></span> <span class='ocrx_word' id='word_1_127' title='bbox 617 1512 704 1591; x_wconf 89' lang='lat' dir='ltr'><strong>plane</strong></span> <span class='ocrx_word' id='word_1_128' title='bbox 719 1515 775 1572; x_wconf 91' lang='lat' dir='ltr'><strong>iam</strong></span> <span class='ocrx_word' id='word_1_129' title='bbox 790 1512 933 1589; x_wconf 84' lang='lat' dir='ltr'><strong>Scythae,</strong></span> <span class='ocrx_word' id='word_1_130' title='bbox 955 1510 1112 1591; x_wconf 88' lang='lat' dir='ltr'><strong>Cimmerii,</strong></span> 
     </span>
     <span class='ocr_line' id='line_1_17' title="bbox 102 1592 1114 1676; baseline 0.001 -21"><span class='ocrx_word' id='word_1_131' title='bbox 102 1594 241 1673; x_wconf 87' lang='lat' dir='ltr'><strong>Cisianti,</strong></span> <span class='ocrx_word' id='word_1_132' title='bbox 260 1592 370 1675; x_wconf 85' lang='lat' dir='ltr'><strong>Georgi</strong></span> <span class='ocrx_word' id='word_1_133' title='bbox 384 1606 413 1656; x_wconf 94' lang='lat' dir='ltr'><strong>et</strong></span> <span class='ocrx_word' id='word_1_134' title='bbox 425 1595 602 1656; x_wconf 80' lang='lat' dir='ltr'><strong>Amazonum</strong></span> <span class='ocrx_word' id='word_1_135' title='bbox 617 1614 700 1673; x_wconf 86' lang='lat' dir='ltr'><strong>gens.</strong></span> <span class='ocrx_word' id='word_1_136' title='bbox 727 1595 806 1656; x_wconf 89' lang='lat' dir='ltr'><strong>llaec</strong></span> <span class='ocrx_word' id='word_1_137' title='bbox 820 1614 912 1675; x_wconf 91' lang='lat' dir='ltr'><strong>usque</strong></span> <span class='ocrx_word' id='word_1_138' title='bbox 927 1596 962 1656; x_wconf 94' lang='lat' dir='ltr'><strong>ad</strong></span> <span class='ocrx_word' id='word_1_139' title='bbox 978 1594 1114 1676; x_wconf 79' lang='lat' dir='ltr'><strong>Caspium</strong></span> 
     </span>
     <span class='ocr_line' id='line_1_18' title="bbox 102 1680 420 1755; baseline -0.003 -15"><span class='ocrx_word' id='word_1_140' title='bbox 102 1689 131 1740; x_wconf 96' lang='lat' dir='ltr'><strong>et</strong></span> <span class='ocrx_word' id='word_1_141' title='bbox 146 1680 320 1755; x_wconf 90' lang='lat' dir='ltr'><strong>Hyrcanium</strong></span> <span class='ocrx_word' id='word_1_142' title='bbox 333 1699 420 1741; x_wconf 90' lang='lat' dir='ltr'><strong>mare.</strong></span> 
     </span>
    </p>

    <p class='ocr_par' dir='ltr' id='par_1_6' title="bbox 102 1762 1165 1928">
     <span class='ocr_line' id='line_1_19' title="bbox 165 1762 1165 1844; baseline 0.004 -20"><span class='ocrx_word' id='word_1_143' title='bbox 165 1762 247 1844; x_wconf 84' lang='lat'>(15.)</span> <span class='ocrx_word' id='word_1_144' title='bbox 263 1762 335 1824; x_wconf 93' lang='lat' dir='ltr'><strong>Nam</strong></span> <span class='ocrx_word' id='word_1_145' title='bbox 348 1773 378 1838; x_wconf 86' lang='lat' dir='ltr'><strong>et</strong></span> <span class='ocrx_word' id='word_1_146' title='bbox 393 1766 529 1843; x_wconf 91' lang='lat' dir='ltr'><strong>inrumpit</strong></span> <span class='ocrx_word' id='word_1_147' title='bbox 545 1783 562 1824; x_wconf 94' lang='lat' dir='ltr'><strong>e</strong></span> <span class='ocrx_word' id='word_1_148' title='bbox 578 1763 718 1840; x_wconf 90' lang='lat' dir='ltr'><strong>Scythico</strong></span> <span class='ocrx_word' id='word_1_149' title='bbox 734 1782 845 1825; x_wconf 91' lang='lat' dir='ltr'><strong>oceano</strong></span> <span class='ocrx_word' id='word_1_150' title='bbox 860 1767 890 1824; x_wconf 93' lang='lat' dir='ltr'><strong>in</strong></span> <span class='ocrx_word' id='word_1_151' title='bbox 906 1783 1009 1826; x_wconf 88' lang='lat' dir='ltr'><strong>aversa</strong></span> <span class='ocrx_word' id='word_1_152' title='bbox 1024 1766 1115 1826; x_wconf 78' lang='lat' dir='ltr'><strong>Asiae</strong></span> <span class='ocrx_word' id='word_1_153' title='bbox 1130 1773 1165 1828; x_wconf 78' lang='grc'><strong>36</strong></span> 
     </span>
     <span class='ocr_line' id='line_1_20' title="bbox 102 1847 1113 1928; baseline 0.004 -22"><span class='ocrx_word' id='word_1_154' title='bbox 102 1848 234 1926; x_wconf 92' lang='lat' dir='ltr'><strong>pluribus</strong></span> <span class='ocrx_word' id='word_1_155' title='bbox 249 1849 414 1908; x_wconf 88' lang='lat' dir='ltr'><strong>nominibus</strong></span> <span class='ocrx_word' id='word_1_156' title='bbox 430 1847 593 1909; x_wconf 89' lang='lat' dir='ltr'><strong>accolarum</strong></span> <span class='ocrx_word' id='word_1_157' title='bbox 608 1847 799 1928; x_wconf 90' lang='lat' dir='ltr'><strong>appellatum,</strong></span> <span class='ocrx_word' id='word_1_158' title='bbox 824 1848 1026 1909; x_wconf 89' lang='lat' dir='ltr'><strong>celeberrimis</strong></span> <span class='ocrx_word' id='word_1_159' title='bbox 1043 1850 1113 1910; x_wconf 93' lang='lat' dir='ltr'><strong>duo·</strong></span> 
     </span>
    </p>

    <p class='ocr_par' dir='ltr' id='par_1_7' title="bbox 62 1929 1114 2346">
     <span class='ocr_line' id='line_1_21' title="bbox 62 1929 1113 2011; baseline 0.007 -24"><span class='ocrx_word' id='word_1_160' title='bbox 62 1945 89 1987; x_wconf 81' lang='lat' dir='ltr'><strong>ao</strong></span> <span class='ocrx_word' id='word_1_161' title='bbox 102 1931 157 1992; x_wconf 92' lang='lat' dir='ltr'><strong>bus</strong></span> <span class='ocrx_word' id='word_1_162' title='bbox 176 1929 312 2010; x_wconf 87' lang='lat' dir='ltr'><strong>Caspium</strong></span> <span class='ocrx_word' id='word_1_163' title='bbox 333 1940 363 1992; x_wconf 88' lang='lat' dir='ltr'><strong>et</strong></span> <span class='ocrx_word' id='word_1_164' title='bbox 377 1931 560 2011; x_wconf 87' lang='lat' dir='ltr'><strong>Hyrcanium.</strong></span> <span class='ocrx_word' id='word_1_165' title='bbox 591 1931 658 1992; x_wconf 92' lang='lat' dir='ltr'><strong>Non</strong></span> <span class='ocrx_word' id='word_1_166' title='bbox 673 1933 765 1991; x_wconf 91' lang='lat' dir='ltr'><strong>minus</strong></span> <span class='ocrx_word' id='word_1_167' title='bbox 782 1932 838 1991; x_wconf 95' lang='lat' dir='ltr'><strong>hoc</strong></span> <span class='ocrx_word' id='word_1_168' title='bbox 857 1950 1023 2010; x_wconf 91' lang='lat' dir='ltr'><strong>essequam</strong></span> <span class='ocrx_word' id='word_1_169' title='bbox 1039 1932 1113 1994; x_wconf 92' lang='lat' dir='ltr'><strong>Pon-</strong></span> 
     </span>
     <span class='ocr_line' id='line_1_22' title="bbox 103 2014 1114 2095; baseline 0.002 -21"><span class='ocrx_word' id='word_1_170' title='bbox 103 2025 161 2074; x_wconf 89' lang='lat' dir='ltr'><strong>tum</strong></span> <span class='ocrx_word' id='word_1_171' title='bbox 174 2014 317 2074; x_wconf 83' lang='lat' dir='ltr'><strong>Euxinum</strong></span> <span class='ocrx_word' id='word_1_172' title='bbox 333 2015 495 2078; x_wconf 88' lang='lat' dir='ltr'><strong>Clitarchus</strong></span> <span class='ocrx_word' id='word_1_173' title='bbox 511 2024 609 2095; x_wconf 86' lang='lat' dir='ltr'><strong>putat,</strong></span> <span class='ocrx_word' id='word_1_174' title='bbox 627 2016 841 2080; x_wconf 84' lang='lat' dir='ltr'><strong>Eratosthenes</strong></span> <span class='ocrx_word' id='word_1_175' title='bbox 858 2016 940 2093; x_wconf 90' lang='lat' dir='ltr'><strong>ponit</strong></span> <span class='ocrx_word' id='word_1_176' title='bbox 956 2025 986 2075; x_wconf 90' lang='lat' dir='ltr'><strong>et</strong></span> <span class='ocrx_word' id='word_1_177' title='bbox 1000 2035 1114 2077; x_wconf 88' lang='lat' dir='ltr'><strong>mensu·</strong></span> 
     </span>
     <span class='ocr_line' id='line_1_23' title="bbox 101 2098 1113 2180; baseline 0.001 -21"><span class='ocrx_word' id='word_1_178' title='bbox 101 2117 162 2159; x_wconf 90' lang='lat' dir='ltr'><strong>ram</strong></span> <span class='ocrx_word' id='word_1_179' title='bbox 174 2099 210 2158; x_wconf 89' lang='lat' dir='ltr'><strong>ab</strong></span> <span class='ocrx_word' id='word_1_180' title='bbox 224 2108 330 2160; x_wconf 81' lang='lat' dir='ltr'><strong>exortu</strong></span> <span class='ocrx_word' id='word_1_181' title='bbox 343 2110 373 2161; x_wconf 90' lang='lat' dir='ltr'><strong>et</strong></span> <span class='ocrx_word' id='word_1_182' title='bbox 387 2102 511 2163; x_wconf 91' lang='lat' dir='ltr'><strong>meridie</strong></span> <span class='ocrx_word' id='word_1_183' title='bbox 522 2118 577 2180; x_wconf 92' lang='lat' dir='ltr'><strong>per</strong></span> <span class='ocrx_word' id='word_1_184' title='bbox 590 2098 732 2161; x_wconf 91' lang='lat' dir='ltr'><strong>Cadusiae</strong></span> <span class='ocrx_word' id='word_1_185' title='bbox 745 2109 775 2159; x_wconf 89' lang='lat' dir='ltr'><strong>et</strong></span> <span class='ocrx_word' id='word_1_186' title='bbox 788 2099 929 2161; x_wconf 88' lang='lat' dir='ltr'><strong>Albaniae</strong></span> <span class='ocrx_word' id='word_1_187' title='bbox 943 2118 1022 2160; x_wconf 90' lang='lat' dir='ltr'><strong>oram</strong></span> <span class='ocrx_word' id='word_1_188' title='bbox 1033 2103 1113 2178; x_wconf 92' lang='lat' dir='ltr'><strong>quin-</strong></span> 
     </span>
     <span class='ocr_line' id='line_1_24' title="bbox 103 2183 1114 2265; baseline 0.002 -23"><span class='ocrx_word' id='word_1_189' title='bbox 103 2185 206 2261; x_wconf 88' lang='lat' dir='ltr'><strong>quiens</strong></span> <span class='ocrx_word' id='word_1_190' title='bbox 221 2184 300 2244; x_wconf 91' lang='lat' dir='ltr'><strong>mille</strong></span> <span class='ocrx_word' id='word_1_191' title='bbox 318 2183 418 2245; x_wconf 87' lang='lat' dir='ltr'><strong>CCCC</strong></span> <span class='ocrx_word' id='word_1_192' title='bbox 435 2186 543 2262; x_wconf 88' lang='lat' dir='ltr'><strong>stadia,</strong></span> <span class='ocrx_word' id='word_1_193' title='bbox 558 2185 626 2246; x_wconf 93' lang='lat' dir='ltr'><strong>inde</strong></span> <span class='ocrx_word' id='word_1_194' title='bbox 643 2204 697 2265; x_wconf 89' lang='lat' dir='ltr'><strong>per</strong></span> <span class='ocrx_word' id='word_1_195' title='bbox 711 2184 850 2260; x_wconf 81' lang='lat' dir='ltr'><strong>Atiacos,</strong></span> <span class='ocrx_word' id='word_1_196' title='bbox 863 2184 1026 2263; x_wconf 86' lang='lat' dir='ltr'><strong>Amarbos,</strong></span> <span class='ocrx_word' id='word_1_197' title='bbox 1043 2184 1114 2260; x_wconf 91' lang='lat' dir='ltr'><strong>Hyr·</strong></span> 
     </span>
     <span class='ocr_line' id='line_1_25' title="bbox 103 2264 1114 2346; baseline 0.003 -21"><span class='ocrx_word' id='word_1_198' title='bbox 103 2285 191 2326; x_wconf 90' lang='lat' dir='ltr'><strong>canos</strong></span> <span class='ocrx_word' id='word_1_199' title='bbox 217 2269 250 2327; x_wconf 91' lang='lat' dir='ltr'><strong>ad</strong></span> <span class='ocrx_word' id='word_1_200' title='bbox 270 2272 374 2328; x_wconf 89' lang='lat' dir='ltr'><strong>ostium</strong></span> <span class='ocrx_word' id='word_1_201' title='bbox 399 2268 472 2330; x_wconf 85' lang='lat' dir='ltr'><strong>Zoni</strong></span> <span class='ocrx_word' id='word_1_202' title='bbox 496 2269 618 2329; x_wconf 91' lang='lat' dir='ltr'><strong>lluminis</strong></span> <span class='ocrx_word' id='word_1_203' title='bbox 642 2268 842 2346; x_wconf 88' lang='lat' dir='ltr'><strong>quatermille</strong></span> <span class='ocrx_word' id='word_1_204' title='bbox 863 2264 992 2327; x_wconf 91' lang='lat' dir='ltr'><strong>DCCCC</strong></span> <span class='ocrx_word' id='word_1_205' title='bbox 1012 2269 1114 2345; x_wconf 85' lang='lat' dir='ltr'><strong>stadia,</strong></span> 
     </span>
    </p>

    <p class='ocr_par' dir='ltr' id='par_1_8' title="bbox 63 2349 1164 2763">
     <span class='ocr_line' id='line_1_26' title="bbox 63 2349 1115 2428; baseline 0.004 -23"><span class='ocrx_word' id='word_1_206' title='bbox 63 2364 89 2406; x_wconf 81' lang='lat' dir='ltr'><strong>ao</strong></span> <span class='ocrx_word' id='word_1_207' title='bbox 104 2350 139 2409; x_wconf 90' lang='lat' dir='ltr'><strong>ab</strong></span> <span class='ocrx_word' id='word_1_208' title='bbox 156 2368 192 2409; x_wconf 91' lang='lat' dir='ltr'><strong>co</strong></span> <span class='ocrx_word' id='word_1_209' title='bbox 207 2349 241 2408; x_wconf 93' lang='lat' dir='ltr'><strong>ad</strong></span> <span class='ocrx_word' id='word_1_210' title='bbox 258 2353 362 2410; x_wconf 88' lang='lat' dir='ltr'><strong>ostium</strong></span> <span class='ocrx_word' id='word_1_211' title='bbox 378 2353 501 2411; x_wconf 86' lang='lat' dir='ltr'><strong>iaxartis</strong></span> <span class='ocrx_word' id='word_1_212' title='bbox 516 2351 573 2410; x_wconf 92' lang='grc' dir='ltr'><strong>ΜΜ</strong></span> <span class='ocrx_word' id='word_1_213' title='bbox 591 2349 701 2427; x_wconf 86' lang='lat' dir='ltr'><strong>CCCC,</strong></span> <span class='ocrx_word' id='word_1_214' title='bbox 718 2369 792 2428; x_wconf 84' lang='lat' dir='ltr'><strong>quae</strong></span> <span class='ocrx_word' id='word_1_215' title='bbox 804 2369 911 2410; x_wconf 84' lang='lat' dir='ltr'><strong>summu</strong></span> <span class='ocrx_word' id='word_1_216' title='bbox 928 2351 1018 2410; x_wconf 85' lang='lat' dir='ltr'><strong>elficit</strong></span> <span class='ocrx_word' id='word_1_217' title='bbox 1035 2353 1115 2428; x_wconf 94' lang='lat' dir='ltr'><strong>quin-</strong></span> 
     </span>
     <span class='ocr_line' id='line_1_27' title="bbox 104 2433 1115 2512; baseline 0.001 -19"><span class='ocrx_word' id='word_1_218' title='bbox 104 2433 224 2493; x_wconf 91' lang='lat' dir='ltr'><strong>deciens</strong></span> <span class='ocrx_word' id='word_1_219' title='bbox 239 2442 361 2494; x_wconf 90' lang='lat' dir='ltr'><strong>centena</strong></span> <span class='ocrx_word' id='word_1_220' title='bbox 377 2433 485 2495; x_wconf 88' lang='lat' dir='ltr'>LXXV</span> <span class='ocrx_word' id='word_1_221' title='bbox 501 2434 557 2493; x_wconf 93' lang='lat' dir='ltr'><strong>mil.</strong></span> <span class='ocrx_word' id='word_1_222' title='bbox 581 2451 725 2512; x_wconf 86' lang='lat' dir='ltr'><strong>passuum.</strong></span> <span class='ocrx_word' id='word_1_223' title='bbox 765 2433 967 2493; x_wconf 74' lang='lat' dir='ltr'><strong>Artemidorus</strong></span> <span class='ocrx_word' id='word_1_224' title='bbox 984 2434 1051 2493; x_wconf 89' lang='lat' dir='ltr'><strong>hino</strong></span> <span class='ocrx_word' id='word_1_225' title='bbox 1067 2435 1115 2494; x_wconf 93' lang='lat' dir='ltr'><strong>de·</strong></span> 
     </span>
     <span class='ocr_line' id='line_1_28' title="bbox 105 2512 1164 2597; baseline 0.002 -22"><span class='ocrx_word' id='word_1_226' title='bbox 105 2516 194 2576; x_wconf 89' lang='lat' dir='ltr'><strong>trahit</strong></span> <span class='ocrx_word' id='word_1_227' title='bbox 213 2514 296 2576; x_wconf 83' lang='lat' dir='ltr'><strong>XXV</strong></span> <span class='ocrx_word' id='word_1_228' title='bbox 316 2518 345 2579; x_wconf 87' lang='grc' dir='ltr'><strong>Μ</strong></span> <span class='ocrx_word' id='word_1_229' title='bbox 362 2537 509 2597; x_wconf 89' lang='lat' dir='ltr'><strong>passuum.</strong></span> <span class='ocrx_word' id='word_1_230' title='bbox 545 2517 678 2596; x_wconf 78' lang='lat' dir='ltr'><strong>Agrippa</strong></span> <span class='ocrx_word' id='word_1_231' title='bbox 695 2512 830 2594; x_wconf 92' lang='lat' dir='ltr'><strong>Caspium</strong></span> <span class='ocrx_word' id='word_1_232' title='bbox 850 2535 930 2576; x_wconf 87' lang='lat' dir='ltr'><strong>mare</strong></span> <span class='ocrx_word' id='word_1_233' title='bbox 951 2526 1114 2596; x_wconf 86' lang='lat' dir='ltr'><strong>gentesque</strong></span> <span class='ocrx_word' id='word_1_234' title='bbox 1132 2527 1164 2580; x_wconf 84' lang='grc'><strong>37</strong></span> 
     </span>
     <span class='ocr_line' id='line_1_29' title="bbox 105 2600 1115 2678; baseline 0.003 -20"><span class='ocrx_word' id='word_1_235' title='bbox 105 2618 178 2678; x_wconf 93' lang='lat' dir='ltr'><strong>quac</strong></span> <span class='ocrx_word' id='word_1_236' title='bbox 195 2601 272 2661; x_wconf 88' lang='lat' dir='ltr'><strong>circa</strong></span> <span class='ocrx_word' id='word_1_237' title='bbox 288 2611 353 2662; x_wconf 90' lang='lat' dir='ltr'><strong>sunt</strong></span> <span class='ocrx_word' id='word_1_238' title='bbox 368 2611 399 2663; x_wconf 89' lang='lat' dir='ltr'><strong>et</strong></span> <span class='ocrx_word' id='word_1_239' title='bbox 414 2622 476 2664; x_wconf 91' lang='lat' dir='ltr'><strong>cum</strong></span> <span class='ocrx_word' id='word_1_240' title='bbox 494 2601 538 2660; x_wconf 91' lang='lat' dir='ltr'><strong>his</strong></span> <span class='ocrx_word' id='word_1_241' title='bbox 554 2600 721 2661; x_wconf 82' lang='lat' dir='ltr'><strong>Armeniam</strong></span> <span class='ocrx_word' id='word_1_242' title='bbox 738 2600 931 2660; x_wconf 90' lang='lat' dir='ltr'><strong>determinans</strong></span> <span class='ocrx_word' id='word_1_243' title='bbox 947 2602 983 2661; x_wconf 89' lang='lat' dir='ltr'><strong>ab</strong></span> <span class='ocrx_word' id='word_1_244' title='bbox 1001 2603 1115 2662; x_wconf 90' lang='lat' dir='ltr'><strong>oriente</strong></span> 
     </span>
     <span class='ocr_line' id='line_1_30' title="bbox 106 2683 1115 2763; baseline 0.002 -20"><span class='ocrx_word' id='word_1_245' title='bbox 106 2701 217 2744; x_wconf 89' lang='lat' dir='ltr'><strong>oceano</strong></span> <span class='ocrx_word' id='word_1_246' title='bbox 233 2684 352 2763; x_wconf 90' lang='lat' dir='ltr'><strong>Serico,</strong></span> <span class='ocrx_word' id='word_1_247' title='bbox 370 2687 405 2747; x_wconf 92' lang='lat' dir='ltr'><strong>ab</strong></span> <span class='ocrx_word' id='word_1_248' title='bbox 427 2685 579 2748; x_wconf 91' lang='lat' dir='ltr'><strong>occidente</strong></span> <span class='ocrx_word' id='word_1_249' title='bbox 596 2683 716 2745; x_wconf 89' lang='lat' dir='ltr'><strong>Caucasi</strong></span> <span class='ocrx_word' id='word_1_250' title='bbox 731 2685 824 2761; x_wconf 87' lang='lat' dir='ltr'><strong>iugis,</strong></span> <span class='ocrx_word' id='word_1_251' title='bbox 847 2686 999 2745; x_wconf 91' lang='lat' dir='ltr'><strong>ameridie</strong></span> <span class='ocrx_word' id='word_1_252' title='bbox 1018 2685 1115 2761; x_wconf 88' lang='lat' dir='ltr'><strong>Tauri,</strong></span> 
     </span>
    </p>

    <p class='ocr_par' dir='ltr' id='par_1_9' title="bbox 65 2769 1168 3185">
     <span class='ocr_line' id='line_1_31' title="bbox 65 2769 1116 2847; baseline 0.002 -22"><span class='ocrx_word' id='word_1_253' title='bbox 65 2782 121 2828; x_wconf 85' lang='lat' dir='ltr'><strong>coa</strong></span> <span class='ocrx_word' id='word_1_254' title='bbox 147 2773 350 2846; x_wconf 90' lang='lat' dir='ltr'><strong>septentrione</strong></span> <span class='ocrx_word' id='word_1_255' title='bbox 376 2788 486 2832; x_wconf 87' lang='lat' dir='ltr'><strong>oceano</strong></span> <span class='ocrx_word' id='word_1_256' title='bbox 514 2769 668 2846; x_wconf 91' lang='lat' dir='ltr'><strong>Scythico,</strong></span> <span class='ocrx_word' id='word_1_257' title='bbox 696 2777 799 2846; x_wconf 90' lang='lat' dir='ltr'><strong>patere</strong></span> <span class='ocrx_word' id='word_1_258' title='bbox 824 2786 880 2847; x_wconf 91' lang='lat' dir='ltr'><strong>qua</strong></span> <span class='ocrx_word' id='word_1_259' title='bbox 901 2772 1044 2847; x_wconf 87' lang='lat' dir='ltr'><strong>cognitum</strong></span> <span class='ocrx_word' id='word_1_260' title='bbox 1070 2777 1116 2827; x_wconf 88' lang='lat' dir='ltr'><strong>est</strong></span> 
     </span>
     <span class='ocr_line' id='line_1_32' title="bbox 106 2847 1116 2935; baseline -0.001 -24"><span class='ocrx_word' id='word_1_261' title='bbox 106 2849 314 2913; x_wconf 88' lang='lat' dir='ltr'><strong>CCCCLXXX</strong></span> <span class='ocrx_word' id='word_1_262' title='bbox 324 2854 354 2915; x_wconf 90' lang='grc' dir='ltr'><strong>Μ</strong></span> <span class='ocrx_word' id='word_1_263' title='bbox 366 2873 500 2935; x_wconf 88' lang='lat' dir='ltr'><strong>passuum</strong></span> <span class='ocrx_word' id='word_1_264' title='bbox 511 2855 540 2913; x_wconf 92' lang='lat' dir='ltr'><strong>in</strong></span> <span class='ocrx_word' id='word_1_265' title='bbox 551 2853 771 2930; x_wconf 83' lang='lat' dir='ltr'><strong>longitudinem,</strong></span> <span class='ocrx_word' id='word_1_266' title='bbox 782 2853 812 2911; x_wconf 92' lang='lat' dir='ltr'><strong>in</strong></span> <span class='ocrx_word' id='word_1_267' title='bbox 823 2851 1001 2913; x_wconf 91' lang='lat' dir='ltr'><strong>latitudinem</strong></span> <span class='ocrx_word' id='word_1_268' title='bbox 1014 2847 1116 2911; x_wconf 88' lang='lat' dir='ltr'><strong>CCXC</strong></span> 
     </span>
     <span class='ocr_line' id='line_1_33' title="bbox 104 2934 1116 3016; baseline -0.003 -20"><span class='ocrx_word' id='word_1_269' title='bbox 104 2934 134 2995; x_wconf 85' lang='lat' dir='ltr'>M</span> <span class='ocrx_word' id='word_1_270' title='bbox 152 2937 287 3014; x_wconf 83' lang='lat' dir='ltr'><strong>prodidit.</strong></span> <span class='ocrx_word' id='word_1_271' title='bbox 320 2957 377 2999; x_wconf 91' lang='lat' dir='ltr'><strong>non</strong></span> <span class='ocrx_word' id='word_1_272' title='bbox 399 2940 503 2999; x_wconf 90' lang='lat' dir='ltr'><strong>desunt</strong></span> <span class='ocrx_word' id='word_1_273' title='bbox 519 2954 592 2998; x_wconf 85' lang='lat' dir='ltr'><strong>vero</strong></span> <span class='ocrx_word' id='word_1_274' title='bbox 613 2939 660 3016; x_wconf 94' lang='lat' dir='ltr'><strong>qui</strong></span> <span class='ocrx_word' id='word_1_275' title='bbox 685 2939 748 2997; x_wconf 87' lang='lat' dir='ltr'><strong>eius</strong></span> <span class='ocrx_word' id='word_1_276' title='bbox 768 2939 856 2996; x_wconf 85' lang='lat' dir='ltr'><strong>maris</strong></span> <span class='ocrx_word' id='word_1_277' title='bbox 873 2939 1038 2996; x_wconf 87' lang='lat' dir='ltr'><strong>universum</strong></span> <span class='ocrx_word' id='word_1_278' title='bbox 1061 2936 1116 2994; x_wconf 89' lang='lat' dir='ltr'><strong>cir-</strong></span> 
     </span>
     <span class='ocr_line' id='line_1_34' title="bbox 107 3019 1115 3100; baseline -0.002 -21"><span class='ocrx_word' id='word_1_279' title='bbox 107 3023 213 3080; x_wconf 91' lang='lat' dir='ltr'><strong>cuitum</strong></span> <span class='ocrx_word' id='word_1_280' title='bbox 230 3040 245 3081; x_wconf 92' lang='lat' dir='ltr'><strong>a</strong></span> <span class='ocrx_word' id='word_1_281' title='bbox 260 3022 338 3081; x_wconf 86' lang='lat' dir='ltr'><strong>freto</strong></span> <span class='ocrx_word' id='word_1_282' title='bbox 354 3024 465 3083; x_wconf 89' lang='lat' dir='ltr'><strong>viciens</strong></span> <span class='ocrx_word' id='word_1_283' title='bbox 481 3029 511 3082; x_wconf 92' lang='lat' dir='ltr'><strong>et</strong></span> <span class='ocrx_word' id='word_1_284' title='bbox 529 3023 702 3100; x_wconf 91' lang='lat' dir='ltr'><strong>quinquiens</strong></span> <span class='ocrx_word' id='word_1_285' title='bbox 716 3022 847 3082; x_wconf 90' lang='lat' dir='ltr'><strong>centenis</strong></span> <span class='ocrx_word' id='word_1_286' title='bbox 863 3019 892 3078; x_wconf 89' lang='grc' dir='ltr'><strong>Μ</strong></span> <span class='ocrx_word' id='word_1_287' title='bbox 906 3037 1040 3097; x_wconf 92' lang='lat' dir='ltr'><strong>passuum</strong></span> <span class='ocrx_word' id='word_1_288' title='bbox 1059 3026 1115 3078; x_wconf 89' lang='lat' dir='ltr'><strong>tra·</strong></span> 
     </span>
     <span class='ocr_line' id='line_1_35' title="bbox 107 3102 1168 3185; baseline 0.001 -24"><span class='ocrx_word' id='word_1_289' title='bbox 107 3102 186 3162; x_wconf 84' lang='lat' dir='ltr'><strong>dunt.</strong></span> <span class='ocrx_word' id='word_1_290' title='bbox 220 3104 359 3185; x_wconf 90' lang='lat' dir='ltr'><strong>inrumpit</strong></span> <span class='ocrx_word' id='word_1_291' title='bbox 381 3116 476 3166; x_wconf 87' lang='lat' dir='ltr'><strong>autem</strong></span> <span class='ocrx_word' id='word_1_292' title='bbox 492 3108 563 3164; x_wconf 88' lang='lat' dir='ltr'><strong>artis</strong></span> <span class='ocrx_word' id='word_1_293' title='bbox 581 3105 711 3165; x_wconf 81' lang='lat' dir='ltr'><strong>faucibus</strong></span> <span class='ocrx_word' id='word_1_294' title='bbox 732 3112 761 3164; x_wconf 91' lang='lat' dir='ltr'><strong>et</strong></span> <span class='ocrx_word' id='word_1_295' title='bbox 783 3106 812 3163; x_wconf 96' lang='lat' dir='ltr'><strong>in</strong></span> <span class='ocrx_word' id='word_1_296' title='bbox 829 3103 1038 3180; x_wconf 87' lang='lat' dir='ltr'><strong>longitudinem</strong></span> <span class='ocrx_word' id='word_1_297' title='bbox 1052 3121 1117 3180; x_wconf 84' lang='lat' dir='ltr'><strong>spa·</strong></span> <span class='ocrx_word' id='word_1_298' title='bbox 1133 3109 1168 3165; x_wconf 79' lang='lat'><strong>38</strong></span> 
     </span>
    </p>

    <p class='ocr_par' dir='ltr' id='par_1_10' title="bbox 67 3187 1118 3521">
     <span class='ocr_line' id='line_1_36' title="bbox 67 3187 1116 3267; baseline 0.002 -23"><span class='ocrx_word' id='word_1_299' title='bbox 67 3201 93 3244; x_wconf 86' lang='lat' dir='ltr'><strong>oo</strong></span> <span class='ocrx_word' id='word_1_300' title='bbox 109 3189 205 3264; x_wconf 89' lang='lat' dir='ltr'><strong>tiosis,</strong></span> <span class='ocrx_word' id='word_1_301' title='bbox 221 3196 307 3266; x_wconf 90' lang='lat' dir='ltr'><strong>atque</strong></span> <span class='ocrx_word' id='word_1_302' title='bbox 323 3191 370 3250; x_wconf 93' lang='lat' dir='ltr'><strong>nbi</strong></span> <span class='ocrx_word' id='word_1_303' title='bbox 387 3191 526 3267; x_wconf 89' lang='lat' dir='ltr'><strong>coepitio</strong></span> <span class='ocrx_word' id='word_1_304' title='bbox 541 3188 720 3249; x_wconf 89' lang='lat' dir='ltr'><strong>latitudinem</strong></span> <span class='ocrx_word' id='word_1_305' title='bbox 733 3187 817 3266; x_wconf 89' lang='lat' dir='ltr'><strong>pandi</strong></span> <span class='ocrx_word' id='word_1_306' title='bbox 833 3188 937 3246; x_wconf 89' lang='lat' dir='ltr'><strong>lunatis</strong></span> <span class='ocrx_word' id='word_1_307' title='bbox 951 3187 1116 3265; x_wconf 92' lang='lat' dir='ltr'><strong>obliquatur</strong></span> 
     </span>
     <span class='ocr_line' id='line_1_37' title="bbox 107 3271 1116 3349; baseline 0.001 -20"><span class='ocrx_word' id='word_1_308' title='bbox 107 3271 256 3348; x_wconf 88' lang='lat' dir='ltr'><strong>cornibus,</strong></span> <span class='ocrx_word' id='word_1_309' title='bbox 269 3272 348 3349; x_wconf 88' lang='lat' dir='ltr'><strong>velut</strong></span> <span class='ocrx_word' id='word_1_310' title='bbox 362 3272 568 3333; x_wconf 87' lang='lat' dir='ltr'><strong>ud-lllaeotium</strong></span> <span class='ocrx_word' id='word_1_311' title='bbox 582 3274 673 3333; x_wconf 92' lang='lat' dir='ltr'><strong>lacum</strong></span> <span class='ocrx_word' id='word_1_312' title='bbox 689 3271 724 3331; x_wconf 92' lang='lat' dir='ltr'><strong>ab</strong></span> <span class='ocrx_word' id='word_1_313' title='bbox 743 3289 795 3330; x_wconf 87' lang='lat' dir='ltr'><strong>ore</strong></span> <span class='ocrx_word' id='word_1_314' title='bbox 808 3271 1000 3347; x_wconf 93' lang='lat' dir='ltr'><strong>descendens,</strong></span> <span class='ocrx_word' id='word_1_315' title='bbox 1014 3272 1116 3348; x_wconf 87' lang='lat' dir='ltr'><strong>sicilis,</strong></span> 
     </span>
     <span class='ocr_line' id='line_1_38' title="bbox 107 3353 1118 3434; baseline 0.002 -22"><span class='ocrx_word' id='word_1_316' title='bbox 107 3363 137 3413; x_wconf 96' lang='lat' dir='ltr'><strong>ut</strong></span> <span class='ocrx_word' id='word_1_317' title='bbox 154 3363 255 3415; x_wconf 89' lang='lat' dir='ltr'><strong>auctor</strong></span> <span class='ocrx_word' id='word_1_318' title='bbox 270 3365 315 3416; x_wconf 90' lang='lat' dir='ltr'><strong>est</strong></span> <span class='ocrx_word' id='word_1_319' title='bbox 326 3355 364 3416; x_wconf 91' lang='grc' dir='ltr'><strong>Μ.</strong></span> <span class='ocrx_word' id='word_1_320' title='bbox 381 3357 488 3434; x_wconf 86' lang='lat' dir='ltr'><strong>Varro,</strong></span> <span class='ocrx_word' id='word_1_321' title='bbox 503 3357 697 3417; x_wconf 87' lang='lat' dir='ltr'><strong>similitudino.</strong></span> <span class='ocrx_word' id='word_1_322' title='bbox 732 3353 844 3413; x_wconf 90' lang='lat' dir='ltr'><strong>Primus</strong></span> <span class='ocrx_word' id='word_1_323' title='bbox 858 3356 937 3414; x_wconf 91' lang='lat' dir='ltr'><strong>sinus</strong></span> <span class='ocrx_word' id='word_1_324' title='bbox 952 3355 1118 3434; x_wconf 87' lang='lat' dir='ltr'><strong>appellatur</strong></span> 
     </span>
     <span class='ocr_line' id='line_1_39' title="bbox 106 3437 1117 3521; baseline 0.002 -25"><span class='ocrx_word' id='word_1_325' title='bbox 106 3437 271 3516; x_wconf 89' lang='lat' dir='ltr'><strong>Scythicus.</strong></span> <span class='ocrx_word' id='word_1_326' title='bbox 302 3442 446 3521; x_wconf 92' lang='lat' dir='ltr'><strong>utrimque</strong></span> <span class='ocrx_word' id='word_1_327' title='bbox 465 3443 540 3502; x_wconf 91' lang='lat' dir='ltr'><strong>enim</strong></span> <span class='ocrx_word' id='word_1_328' title='bbox 560 3440 693 3502; x_wconf 88' lang='lat' dir='ltr'><strong>accolunt</strong></span> <span class='ocrx_word' id='word_1_329' title='bbox 709 3438 835 3514; x_wconf 85' lang='lat' dir='ltr'><strong>Scythae</strong></span> <span class='ocrx_word' id='word_1_330' title='bbox 852 3448 881 3499; x_wconf 93' lang='lat' dir='ltr'><strong>et</strong></span> <span class='ocrx_word' id='word_1_331' title='bbox 898 3457 952 3517; x_wconf 91' lang='lat' dir='ltr'><strong>per</strong></span> <span class='ocrx_word' id='word_1_332' title='bbox 971 3440 1117 3517; x_wconf 88' lang='lat' dir='ltr'><strong>angustias</strong></span> 
     </span>
    </p>
   </div>
   <div class='ocr_carea' id='block_1_3' title="bbox 0 0 1213 3856">
    <p class='ocr_par' dir='ltr' id='par_1_11' title="bbox 0 0 1213 3856">
     <span class='ocr_line' id='line_1_40' title="bbox 0 0 1213 3856; baseline 0 0"><span class='ocrx_word' id='word_1_333' title='bbox 0 0 1213 3856; x_wconf 95' lang='lat' dir='ltr'><strong> </strong></span> 
     </span>
    </p>
   </div>
  </div>
 </body>
</html>
