<?xml version="1.0" encoding="UTF-8"?>
<!DOCTYPE html PUBLIC "-//W3C//DTD XHTML 1.0 Transitional//EN"
    "http://www.w3.org/TR/xhtml1/DTD/xhtml1-transitional.dtd">
<html xmlns="http://www.w3.org/1999/xhtml" xml:lang="en" lang="en">
 <head>
  <title>
</title>
<meta http-equiv="Content-Type" content="text/html;charset=utf-8" />
  <meta name='ocr-system' content='tesseract 3.04.00' />
  <meta name='ocr-capabilities' content='ocr_page ocr_carea ocr_par ocr_line ocrx_word'/>
</head>
<body>
  <div class='ocr_page' id='page_1' title='image "./cplinisecundina07plingoog_0341.png"; bbox 0 0 2400 3856; ppageno 0'>
   <div class='ocr_carea' id='block_1_1' title="bbox 136 169 798 236">
    <p class='ocr_par' dir='ltr' id='par_1_1' title="bbox 136 169 798 236">
     <span class='ocr_line' id='line_1_1' title="bbox 136 169 798 236; baseline -0.008 -2"><span class='ocrx_word' id='word_1_1' title='bbox 136 169 201 236; x_wconf 81' lang='lat'><strong>254</strong></span> <span class='ocrx_word' id='word_1_2' title='bbox 479 183 508 232; x_wconf 85' lang='lat' dir='ltr'><strong>c.</strong></span> <span class='ocrx_word' id='word_1_3' title='bbox 530 184 624 230; x_wconf 79' lang='lat' dir='ltr'><strong>rursu</strong></span> <span class='ocrx_word' id='word_1_4' title='bbox 647 182 798 231; x_wconf 78' lang='lat' dir='ltr'><strong>saeuum</strong></span> 
     </span>
    </p>
   </div>
   <div class='ocr_carea' id='block_1_2' title="bbox 87 335 1186 3515">
    <p class='ocr_par' dir='ltr' id='par_1_2' title="bbox 87 335 1186 3515">
     <span class='ocr_line' id='line_1_2' title="bbox 138 335 1147 417; baseline -0.003 -17"><span class='ocrx_word' id='word_1_5' title='bbox 138 340 341 417; x_wconf 83' lang='lat' dir='ltr'>hominumque</span> <span class='ocrx_word' id='word_1_6' title='bbox 351 337 543 397; x_wconf 82' lang='lat' dir='ltr'><strong>monstrificas</strong></span> <span class='ocrx_word' id='word_1_7' title='bbox 557 338 672 416; x_wconf 82' lang='lat' dir='ltr'><strong>efligies</strong></span> <span class='ocrx_word' id='word_1_8' title='bbox 687 339 765 398; x_wconf 86' lang='lat' dir='ltr'><strong>circa</strong></span> <span class='ocrx_word' id='word_1_9' title='bbox 777 337 977 398; x_wconf 71' lang='lat' dir='ltr'><strong>extremitates</strong></span> <span class='ocrx_word' id='word_1_10' title='bbox 992 335 1055 397; x_wconf 85' lang='lat' dir='ltr'><strong>eius</strong></span> <span class='ocrx_word' id='word_1_11' title='bbox 1066 337 1147 416; x_wconf 91' lang='lat' dir='ltr'><strong>gigni</strong></span> 
     </span>
     <span class='ocr_line' id='line_1_3' title="bbox 137 421 1148 501; baseline 0 -19"><span class='ocrx_word' id='word_1_12' title='bbox 137 424 252 483; x_wconf 89' lang='lat' dir='ltr'><strong>minime</strong></span> <span class='ocrx_word' id='word_1_13' title='bbox 273 424 374 480; x_wconf 91' lang='lat' dir='ltr'><strong>mirum</strong></span> <span class='ocrx_word' id='word_1_14' title='bbox 397 421 499 480; x_wconf 85' lang='lat' dir='ltr'><strong>artifici</strong></span> <span class='ocrx_word' id='word_1_15' title='bbox 521 421 556 481; x_wconf 90' lang='lat' dir='ltr'><strong>ad</strong></span> <span class='ocrx_word' id='word_1_16' title='bbox 570 422 719 482; x_wconf 84' lang='lat' dir='ltr'><strong>formanda</strong></span> <span class='ocrx_word' id='word_1_17' title='bbox 741 438 867 501; x_wconf 90' lang='lat' dir='ltr'><strong>corpora</strong></span> <span class='ocrx_word' id='word_1_18' title='bbox 886 421 1062 500; x_wconf 81' lang='lat' dir='ltr'><strong>effigiesque</strong></span> <span class='ocrx_word' id='word_1_19' title='bbox 1084 439 1148 482; x_wconf 92' lang='lat' dir='ltr'><strong>cae·</strong></span> 
     </span>
     <span class='ocr_line' id='line_1_4' title="bbox 139 505 1149 583; baseline -0.002 -17"><span class='ocrx_word' id='word_1_20' title='bbox 139 506 236 566; x_wconf 89' lang='lat' dir='ltr'><strong>landas</strong></span> <span class='ocrx_word' id='word_1_21' title='bbox 256 505 419 565; x_wconf 82' lang='lat' dir='ltr'><strong>mobilitate</strong></span> <span class='ocrx_word' id='word_1_22' title='bbox 441 506 535 581; x_wconf 90' lang='lat' dir='ltr'><strong>ignea.</strong></span> <span class='ocrx_word' id='word_1_23' title='bbox 575 506 672 566; x_wconf 88' lang='lat' dir='ltr'><strong>lerunt</strong></span> <span class='ocrx_word' id='word_1_24' title='bbox 693 515 774 565; x_wconf 90' lang='lat' dir='ltr'><strong>certe</strong></span> <span class='ocrx_word' id='word_1_25' title='bbox 797 505 833 565; x_wconf 92' lang='lat' dir='ltr'><strong>ab</strong></span> <span class='ocrx_word' id='word_1_26' title='bbox 859 507 981 565; x_wconf 88' lang='lat' dir='ltr'><strong>orientis</strong></span> <span class='ocrx_word' id='word_1_27' title='bbox 1003 514 1088 583; x_wconf 89' lang='lat' dir='ltr'><strong>parte</strong></span> <span class='ocrx_word' id='word_1_28' title='bbox 1108 506 1149 564; x_wconf 89' lang='lat' dir='ltr'><strong>in·</strong></span> 
     </span>
     <span class='ocr_line' id='line_1_5' title="bbox 139 589 1148 668; baseline 0 -19"><span class='ocrx_word' id='word_1_29' title='bbox 139 592 206 650; x_wconf 91' lang='lat' dir='ltr'><strong>tima</strong></span> <span class='ocrx_word' id='word_1_30' title='bbox 227 597 333 668; x_wconf 81' lang='lat' dir='ltr'><strong>gentes</strong></span> <span class='ocrx_word' id='word_1_31' title='bbox 356 607 423 649; x_wconf 89' lang='lat' dir='ltr'><strong>esse</strong></span> <span class='ocrx_word' id='word_1_32' title='bbox 443 590 507 649; x_wconf 89' lang='lat' dir='ltr'><strong>sine</strong></span> <span class='ocrx_word' id='word_1_33' title='bbox 526 589 660 666; x_wconf 87' lang='lat' dir='ltr'><strong>naribus,</strong></span> <span class='ocrx_word' id='word_1_34' title='bbox 684 589 798 667; x_wconf 88' lang='lat' dir='ltr'><strong>aequali</strong></span> <span class='ocrx_word' id='word_1_35' title='bbox 819 590 910 649; x_wconf 91' lang='lat' dir='ltr'><strong>totius</strong></span> <span class='ocrx_word' id='word_1_36' title='bbox 932 589 993 648; x_wconf 87' lang='lat' dir='ltr'><strong>oris</strong></span> <span class='ocrx_word' id='word_1_37' title='bbox 1015 589 1148 667; x_wconf 81' lang='lat' dir='ltr'><strong>planitie,</strong></span> 
     </span>
     <span class='ocr_line' id='line_1_6' title="bbox 87 672 1177 751; baseline -0.008 -16"><span class='ocrx_word' id='word_1_38' title='bbox 87 674 222 736; x_wconf 82' lang='lat' dir='ltr'><strong>188alias</strong></span> <span class='ocrx_word' id='word_1_39' title='bbox 242 675 398 751; x_wconf 84' lang='lat' dir='ltr'><strong>superiore</strong></span> <span class='ocrx_word' id='word_1_40' title='bbox 415 672 498 732; x_wconf 90' lang='lat' dir='ltr'><strong>labro</strong></span> <span class='ocrx_word' id='word_1_41' title='bbox 523 673 629 749; x_wconf 87' lang='lat' dir='ltr'><strong>orbas,</strong></span> <span class='ocrx_word' id='word_1_42' title='bbox 651 673 722 733; x_wconf 91' lang='lat' dir='ltr'><strong>alias</strong></span> <span class='ocrx_word' id='word_1_43' title='bbox 738 678 802 733; x_wconf 89' lang='lat' dir='ltr'><strong>sine</strong></span> <span class='ocrx_word' id='word_1_44' title='bbox 817 673 935 750; x_wconf 86' lang='lat' dir='ltr'><strong>linguis.</strong></span> <span class='ocrx_word' id='word_1_45' title='bbox 970 689 1038 750; x_wconf 92' lang='lat' dir='ltr'><strong>pars</strong></span> <span class='ocrx_word' id='word_1_46' title='bbox 1061 674 1177 733; x_wconf 76' lang='lat' dir='ltr'><strong>etiams</strong></span> 
     </span>
     <span class='ocr_line' id='line_1_7' title="bbox 139 755 1148 834; baseline -0.002 -16"><span class='ocrx_word' id='word_1_47' title='bbox 139 775 193 818; x_wconf 90' lang='lat' dir='ltr'><strong>ora</strong></span> <span class='ocrx_word' id='word_1_48' title='bbox 215 765 356 817; x_wconf 87' lang='lat' dir='ltr'><strong>concreto</strong></span> <span class='ocrx_word' id='word_1_49' title='bbox 378 765 409 816; x_wconf 92' lang='lat' dir='ltr'><strong>et</strong></span> <span class='ocrx_word' id='word_1_50' title='bbox 429 755 545 816; x_wconf 88' lang='lat' dir='ltr'><strong>naribus</strong></span> <span class='ocrx_word' id='word_1_51' title='bbox 567 775 670 817; x_wconf 87' lang='lat' dir='ltr'><strong>carens</strong></span> <span class='ocrx_word' id='word_1_52' title='bbox 688 774 744 817; x_wconf 91' lang='lat' dir='ltr'><strong>uno</strong></span> <span class='ocrx_word' id='word_1_53' title='bbox 766 765 873 817; x_wconf 88' lang='lat' dir='ltr'><strong>tantum</strong></span> <span class='ocrx_word' id='word_1_54' title='bbox 888 757 1029 816; x_wconf 79' lang='lat' dir='ltr'><strong>foramine</strong></span> <span class='ocrx_word' id='word_1_55' title='bbox 1045 758 1148 834; x_wconf 87' lang='lat' dir='ltr'><strong>spirat,</strong></span> 
     </span>
     <span class='ocr_line' id='line_1_8' title="bbox 138 840 1148 921; baseline -0.001 -20"><span class='ocrx_word' id='word_1_56' title='bbox 138 850 296 921; x_wconf 83' lang='lat' dir='ltr'><strong>potumque</strong></span> <span class='ocrx_word' id='word_1_57' title='bbox 324 841 440 901; x_wconf 88' lang='lat' dir='ltr'><strong>calamis</strong></span> <span class='ocrx_word' id='word_1_58' title='bbox 468 858 578 901; x_wconf 86' lang='lat' dir='ltr'><strong>avenae</strong></span> <span class='ocrx_word' id='word_1_59' title='bbox 601 840 688 899; x_wconf 90' lang='lat' dir='ltr'><strong>trahit</strong></span> <span class='ocrx_word' id='word_1_60' title='bbox 715 848 744 901; x_wconf 88' lang='lat' dir='ltr'><strong>et</strong></span> <span class='ocrx_word' id='word_1_61' title='bbox 768 858 857 918; x_wconf 84' lang='lat' dir='ltr'><strong>grana</strong></span> <span class='ocrx_word' id='word_1_62' title='bbox 881 840 1011 900; x_wconf 87' lang='lat' dir='ltr'><strong>eiusdem</strong></span> <span class='ocrx_word' id='word_1_63' title='bbox 1036 858 1148 900; x_wconf 88' lang='lat' dir='ltr'><strong>avenae</strong></span> 
     </span>
     <span class='ocr_line' id='line_1_9' title="bbox 139 923 1149 1004; baseline -0.003 -17"><span class='ocrx_word' id='word_1_64' title='bbox 139 934 245 1004; x_wconf 86' lang='lat' dir='ltr'><strong>sponte</strong></span> <span class='ocrx_word' id='word_1_65' title='bbox 261 925 463 1003; x_wconf 89' lang='lat' dir='ltr'><strong>provenientis</strong></span> <span class='ocrx_word' id='word_1_66' title='bbox 479 924 514 984; x_wconf 94' lang='lat' dir='ltr'><strong>ad</strong></span> <span class='ocrx_word' id='word_1_67' title='bbox 530 924 711 984; x_wconf 84' lang='lat' dir='ltr'><strong>vescendum.</strong></span> <span class='ocrx_word' id='word_1_68' title='bbox 743 923 912 1001; x_wconf 87' lang='lat' dir='ltr'><strong>quibusdam</strong></span> <span class='ocrx_word' id='word_1_69' title='bbox 932 942 987 1002; x_wconf 93' lang='lat' dir='ltr'><strong>pro</strong></span> <span class='ocrx_word' id='word_1_70' title='bbox 1011 942 1149 984; x_wconf 89' lang='lat' dir='ltr'><strong>sermone</strong></span> 
     </span>
     <span class='ocr_line' id='line_1_10' title="bbox 138 1007 1149 1087; baseline -0.003 -18"><span class='ocrx_word' id='word_1_71' title='bbox 138 1018 223 1070; x_wconf 90' lang='lat' dir='ltr'><strong>nutus</strong></span> <span class='ocrx_word' id='word_1_72' title='bbox 235 1017 389 1087; x_wconf 86' lang='lat' dir='ltr'><strong>motusque</strong></span> <span class='ocrx_word' id='word_1_73' title='bbox 401 1007 594 1068; x_wconf 88' lang='lat' dir='ltr'><strong>membrorum</strong></span> <span class='ocrx_word' id='word_1_74' title='bbox 608 1016 663 1067; x_wconf 92' lang='lat' dir='ltr'><strong>est.</strong></span> <span class='ocrx_word' id='word_1_75' title='bbox 691 1008 860 1085; x_wconf 87' lang='lat' dir='ltr'><strong>quibusdam</strong></span> <span class='ocrx_word' id='word_1_76' title='bbox 871 1017 937 1067; x_wconf 92' lang='lat' dir='ltr'><strong>ante</strong></span> <span class='ocrx_word' id='word_1_77' title='bbox 950 1007 1149 1068; x_wconf 83' lang='lat' dir='ltr'><strong>Ptolomaeum</strong></span> 
     </span>
     <span class='ocr_line' id='line_1_11' title="bbox 137 1092 1185 1171; baseline -0.007 -19"><span class='ocrx_word' id='word_1_78' title='bbox 137 1092 292 1168; x_wconf 74' lang='lat' dir='ltr'><strong>Lathyrum</strong></span> <span class='ocrx_word' id='word_1_79' title='bbox 309 1092 439 1171; x_wconf 85' lang='lat' dir='ltr'><strong>Aegypti</strong></span> <span class='ocrx_word' id='word_1_80' title='bbox 461 1110 563 1168; x_wconf 89' lang='lat' dir='ltr'><strong>regem</strong></span> <span class='ocrx_word' id='word_1_81' title='bbox 581 1093 698 1166; x_wconf 86' lang='lat' dir='ltr'><strong>ignotus</strong></span> <span class='ocrx_word' id='word_1_82' title='bbox 721 1092 775 1150; x_wconf 89' lang='lat' dir='ltr'><strong>luit</strong></span> <span class='ocrx_word' id='word_1_83' title='bbox 796 1110 865 1150; x_wconf 90' lang='lat' dir='ltr'><strong>usus</strong></span> <span class='ocrx_word' id='word_1_84' title='bbox 887 1093 1001 1168; x_wconf 85' lang='lat' dir='ltr'><strong>ignium.</strong></span> <span class='ocrx_word' id='word_1_85' title='bbox 1036 1092 1148 1170; x_wconf 87' lang='lat' dir='ltr'><strong>quidam</strong></span> <span class='ocrx_word' id='word_1_86' title='bbox 1162 1108 1185 1146; x_wconf 87' lang='lat' dir='ltr'><strong>m</strong></span> 
     </span>
     <span class='ocr_line' id='line_1_12' title="bbox 139 1175 1148 1254; baseline -0.002 -18"><span class='ocrx_word' id='word_1_87' title='bbox 139 1185 170 1237; x_wconf 94' lang='lat' dir='ltr'><strong>et</strong></span> <span class='ocrx_word' id='word_1_88' title='bbox 185 1176 394 1254; x_wconf 74' lang='lat' dir='ltr'><strong>Pygmaeorum</strong></span> <span class='ocrx_word' id='word_1_89' title='bbox 409 1183 527 1252; x_wconf 84' lang='lat' dir='ltr'><strong>gentem</strong></span> <span class='ocrx_word' id='word_1_90' title='bbox 545 1175 735 1252; x_wconf 88' lang='lat' dir='ltr'><strong>prodiderunt</strong></span> <span class='ocrx_word' id='word_1_91' title='bbox 755 1178 832 1235; x_wconf 89' lang='lat' dir='ltr'><strong>inter</strong></span> <span class='ocrx_word' id='word_1_92' title='bbox 846 1175 966 1253; x_wconf 89' lang='lat' dir='ltr'><strong>paludes</strong></span> <span class='ocrx_word' id='word_1_93' title='bbox 985 1194 1024 1235; x_wconf 88' lang='lat' dir='ltr'><strong>ex</strong></span> <span class='ocrx_word' id='word_1_94' title='bbox 1045 1175 1148 1252; x_wconf 87' lang='lat' dir='ltr'><strong>quibus</strong></span> 
     </span>
     <span class='ocr_line' id='line_1_13' title="bbox 88 1257 1149 1325; baseline -0.004 -4"><span class='ocrx_word' id='word_1_95' title='bbox 88 1272 138 1325; x_wconf 81' lang='grc'><strong>189</strong></span> <span class='ocrx_word' id='word_1_96' title='bbox 148 1259 231 1318; x_wconf 90' lang='lat' dir='ltr'><strong>Nilus</strong></span> <span class='ocrx_word' id='word_1_97' title='bbox 248 1261 384 1318; x_wconf 92' lang='lat' dir='ltr'><strong>oriretur.</strong></span> <span class='ocrx_word' id='word_1_98' title='bbox 421 1257 454 1317; x_wconf 91' lang='lat' dir='ltr'><strong>Iu</strong></span> <span class='ocrx_word' id='word_1_99' title='bbox 476 1276 527 1317; x_wconf 93' lang='lat' dir='ltr'><strong>ora</strong></span> <span class='ocrx_word' id='word_1_100' title='bbox 548 1267 644 1318; x_wconf 89' lang='lat' dir='ltr'><strong>autem</strong></span> <span class='ocrx_word' id='word_1_101' title='bbox 664 1258 713 1318; x_wconf 90' lang='lat' dir='ltr'><strong>ubi</strong></span> <span class='ocrx_word' id='word_1_102' title='bbox 734 1259 861 1320; x_wconf 86' lang='lat' dir='ltr'><strong>desimus</strong></span> <span class='ocrx_word' id='word_1_103' title='bbox 884 1261 1012 1318; x_wconf 75' lang='lat' dir='ltr'><strong>continui</strong></span> <span class='ocrx_word' id='word_1_104' title='bbox 1034 1269 1149 1318; x_wconf 90' lang='lat' dir='ltr'><strong>montes</strong></span> 
     </span>
     <span class='ocr_line' id='line_1_14' title="bbox 95 1341 1149 1420; baseline -0.003 -15"><span class='ocrx_word' id='word_1_105' title='bbox 95 1370 131 1407; x_wconf 80' lang='lat' dir='ltr'><strong>m</strong></span> <span class='ocrx_word' id='word_1_106' title='bbox 139 1343 307 1403; x_wconf 85' lang='lat' dir='ltr'><strong>ardentibus</strong></span> <span class='ocrx_word' id='word_1_107' title='bbox 324 1342 434 1402; x_wconf 88' lang='lat' dir='ltr'><strong>slmiles</strong></span> <span class='ocrx_word' id='word_1_108' title='bbox 449 1343 562 1402; x_wconf 87' lang='lat' dir='ltr'><strong>rubent.</strong></span> <span class='ocrx_word' id='word_1_109' title='bbox 601 1341 778 1420; x_wconf 80' lang='lat' dir='ltr'><strong>Trogodytis</strong></span> <span class='ocrx_word' id='word_1_110' title='bbox 797 1351 827 1403; x_wconf 91' lang='lat' dir='ltr'><strong>et</strong></span> <span class='ocrx_word' id='word_1_111' title='bbox 846 1342 947 1402; x_wconf 86' lang='lat' dir='ltr'><strong>Rubro</strong></span> <span class='ocrx_word' id='word_1_112' title='bbox 963 1344 1034 1402; x_wconf 85' lang='lat' dir='ltr'><strong>marl</strong></span> <span class='ocrx_word' id='word_1_113' title='bbox 1051 1361 1067 1402; x_wconf 91' lang='lat' dir='ltr'><strong>a</strong></span> <span class='ocrx_word' id='word_1_114' title='bbox 1088 1342 1149 1402; x_wconf 91' lang='lat' dir='ltr'><strong>Me·</strong></span> 
     </span>
     <span class='ocr_line' id='line_1_15' title="bbox 138 1425 1149 1505; baseline -0.001 -18"><span class='ocrx_word' id='word_1_115' title='bbox 138 1444 192 1487; x_wconf 94' lang='lat' dir='ltr'><strong>roe</strong></span> <span class='ocrx_word' id='word_1_116' title='bbox 212 1434 322 1486; x_wconf 91' lang='lat' dir='ltr'><strong>tractus</strong></span> <span class='ocrx_word' id='word_1_117' title='bbox 345 1427 438 1485; x_wconf 91' lang='lat' dir='ltr'><strong>omnis</strong></span> <span class='ocrx_word' id='word_1_118' title='bbox 460 1429 681 1505; x_wconf 82' lang='lat' dir='ltr'><strong>superponitur,</strong></span> <span class='ocrx_word' id='word_1_119' title='bbox 704 1445 721 1487; x_wconf 92' lang='lat' dir='ltr'><strong>a</strong></span> <span class='ocrx_word' id='word_1_120' title='bbox 745 1426 856 1505; x_wconf 90' lang='lat' dir='ltr'><strong>Napata</strong></span> <span class='ocrx_word' id='word_1_121' title='bbox 880 1425 965 1486; x_wconf 91' lang='lat' dir='ltr'><strong>tridui</strong></span> <span class='ocrx_word' id='word_1_122' title='bbox 987 1428 1093 1486; x_wconf 91' lang='lat' dir='ltr'><strong>itinere</strong></span> <span class='ocrx_word' id='word_1_123' title='bbox 1114 1426 1149 1486; x_wconf 90' lang='lat' dir='ltr'><strong>ad</strong></span> 
     </span>
     <span class='ocr_line' id='line_1_16' title="bbox 137 1509 1186 1589; baseline -0.007 -18"><span class='ocrx_word' id='word_1_124' title='bbox 137 1510 267 1573; x_wconf 81' lang='lat' dir='ltr'><strong>Rubrum</strong></span> <span class='ocrx_word' id='word_1_125' title='bbox 283 1510 353 1571; x_wconf 87' lang='lat' dir='ltr'><strong>litus</strong></span> <span class='ocrx_word' id='word_1_126' title='bbox 370 1528 444 1587; x_wconf 89' lang='lat' dir='ltr'><strong>aqua</strong></span> <span class='ocrx_word' id='word_1_127' title='bbox 458 1509 556 1588; x_wconf 84' lang='lat' dir='ltr'><strong>pluvia</strong></span> <span class='ocrx_word' id='word_1_128' title='bbox 574 1510 609 1570; x_wconf 91' lang='lat' dir='ltr'><strong>ad</strong></span> <span class='ocrx_word' id='word_1_129' title='bbox 624 1528 706 1569; x_wconf 91' lang='lat' dir='ltr'><strong>usum</strong></span> <span class='ocrx_word' id='word_1_130' title='bbox 721 1511 910 1589; x_wconf 86' lang='lat' dir='ltr'><strong>conpluribus</strong></span> <span class='ocrx_word' id='word_1_131' title='bbox 928 1510 1001 1570; x_wconf 89' lang='lat' dir='ltr'><strong>locis</strong></span> <span class='ocrx_word' id='word_1_132' title='bbox 1020 1520 1148 1584; x_wconf 84' lang='lat' dir='ltr'><strong>servata,</strong></span> <span class='ocrx_word' id='word_1_133' title='bbox 1162 1526 1186 1565; x_wconf 87' lang='lat'><strong>15</strong></span> 
     </span>
     <span class='ocr_line' id='line_1_17' title="bbox 136 1592 1148 1672; baseline -0.002 -17"><span class='ocrx_word' id='word_1_134' title='bbox 136 1595 320 1657; x_wconf 87' lang='lat' dir='ltr'><strong>fertilissima</strong></span> <span class='ocrx_word' id='word_1_135' title='bbox 347 1597 470 1671; x_wconf 90' lang='lat' dir='ltr'><strong>regione</strong></span> <span class='ocrx_word' id='word_1_136' title='bbox 497 1612 570 1672; x_wconf 86' lang='lat' dir='ltr'><strong>quae</strong></span> <span class='ocrx_word' id='word_1_137' title='bbox 596 1595 720 1654; x_wconf 89' lang='lat' dir='ltr'><strong>interest</strong></span> <span class='ocrx_word' id='word_1_138' title='bbox 749 1596 819 1654; x_wconf 91' lang='lat' dir='ltr'><strong>auri.</strong></span> <span class='ocrx_word' id='word_1_139' title='bbox 860 1592 1008 1654; x_wconf 90' lang='lat' dir='ltr'><strong>Ulteriora</strong></span> <span class='ocrx_word' id='word_1_140' title='bbox 1028 1594 1148 1654; x_wconf 81' lang='lat' dir='ltr'><strong>Atabuli</strong></span> 
     </span>
     <span class='ocr_line' id='line_1_18' title="bbox 136 1676 1149 1756; baseline -0.003 -16"><span class='ocrx_word' id='word_1_141' title='bbox 136 1678 317 1755; x_wconf 78' lang='lat' dir='ltr'><strong>Aethiopum</strong></span> <span class='ocrx_word' id='word_1_142' title='bbox 331 1696 405 1756; x_wconf 89' lang='lat' dir='ltr'><strong>gens</strong></span> <span class='ocrx_word' id='word_1_143' title='bbox 419 1686 528 1738; x_wconf 87' lang='lat' dir='ltr'><strong>tenent.</strong></span> <span class='ocrx_word' id='word_1_144' title='bbox 556 1678 623 1737; x_wconf 91' lang='lat' dir='ltr'><strong>dein</strong></span> <span class='ocrx_word' id='word_1_145' title='bbox 635 1685 736 1738; x_wconf 89' lang='lat' dir='ltr'><strong>contra</strong></span> <span class='ocrx_word' id='word_1_146' title='bbox 747 1676 869 1738; x_wconf 88' lang='lat' dir='ltr'><strong>Meroen</strong></span> <span class='ocrx_word' id='word_1_147' title='bbox 879 1676 1057 1755; x_wconf 83' lang='lat' dir='ltr'><strong>Megabarri,</strong></span> <span class='ocrx_word' id='word_1_148' title='bbox 1073 1696 1149 1756; x_wconf 88' lang='lat' dir='ltr'><strong>quos</strong></span> 
     </span>
     <span class='ocr_line' id='line_1_19' title="bbox 139 1761 1149 1841; baseline -0.003 -18"><span class='ocrx_word' id='word_1_149' title='bbox 139 1763 227 1841; x_wconf 87' lang='lat' dir='ltr'><strong>aliqui</strong></span> <span class='ocrx_word' id='word_1_150' title='bbox 239 1761 404 1822; x_wconf 82' lang='lat' dir='ltr'><strong>Adiabaros</strong></span> <span class='ocrx_word' id='word_1_151' title='bbox 416 1764 614 1840; x_wconf 86' lang='lat' dir='ltr'><strong>nominavere,</strong></span> <span class='ocrx_word' id='word_1_152' title='bbox 628 1762 764 1839; x_wconf 89' lang='lat' dir='ltr'><strong>oppidum</strong></span> <span class='ocrx_word' id='word_1_153' title='bbox 776 1761 885 1822; x_wconf 88' lang='lat' dir='ltr'><strong>habent</strong></span> <span class='ocrx_word' id='word_1_154' title='bbox 896 1761 1054 1839; x_wconf 88' lang='lat' dir='ltr'><strong>Apollinis.</strong></span> <span class='ocrx_word' id='word_1_155' title='bbox 1080 1779 1149 1838; x_wconf 90' lang='lat' dir='ltr'><strong>pars</strong></span> 
     </span>
     <span class='ocr_line' id='line_1_20' title="bbox 87 1843 1148 1923; baseline -0.003 -16"><span class='ocrx_word' id='word_1_156' title='bbox 87 1858 250 1912; x_wconf 71' lang='lat' dir='ltr'><strong>ludaeorum</strong></span> <span class='ocrx_word' id='word_1_157' title='bbox 265 1845 430 1922; x_wconf 85' lang='lat' dir='ltr'><strong>Nomades,</strong></span> <span class='ocrx_word' id='word_1_158' title='bbox 452 1864 527 1923; x_wconf 87' lang='lat' dir='ltr'><strong>quae</strong></span> <span class='ocrx_word' id='word_1_159' title='bbox 548 1845 711 1923; x_wconf 88' lang='lat' dir='ltr'><strong>elephantis</strong></span> <span class='ocrx_word' id='word_1_160' title='bbox 736 1847 872 1905; x_wconf 86' lang='lat' dir='ltr'><strong>vescitur.</strong></span> <span class='ocrx_word' id='word_1_161' title='bbox 910 1843 956 1904; x_wconf 85' lang='lat' dir='ltr'><strong>Ex</strong></span> <span class='ocrx_word' id='word_1_162' title='bbox 976 1845 1103 1905; x_wconf 85' lang='lat' dir='ltr'><strong>adverso</strong></span> <span class='ocrx_word' id='word_1_163' title='bbox 1120 1846 1148 1904; x_wconf 93' lang='lat' dir='ltr'><strong>in</strong></span> 
     </span>
     <span class='ocr_line' id='line_1_21' title="bbox 139 1928 1186 2008; baseline -0.003 -18"><span class='ocrx_word' id='word_1_164' title='bbox 139 1931 259 1990; x_wconf 86' lang='lat' dir='ltr'><strong>Africae</strong></span> <span class='ocrx_word' id='word_1_165' title='bbox 280 1938 364 2008; x_wconf 90' lang='lat' dir='ltr'><strong>parte</strong></span> <span class='ocrx_word' id='word_1_166' title='bbox 384 1929 544 2003; x_wconf 88' lang='lat' dir='ltr'><strong>Macrobii,</strong></span> <span class='ocrx_word' id='word_1_167' title='bbox 569 1948 669 1989; x_wconf 90' lang='lat' dir='ltr'><strong>rursus</strong></span> <span class='ocrx_word' id='word_1_168' title='bbox 690 1946 705 1987; x_wconf 94' lang='lat' dir='ltr'><strong>a</strong></span> <span class='ocrx_word' id='word_1_169' title='bbox 729 1929 911 2008; x_wconf 84' lang='lat' dir='ltr'><strong>Megabarris</strong></span> <span class='ocrx_word' id='word_1_170' title='bbox 929 1928 1100 1988; x_wconf 87' lang='lat' dir='ltr'><strong>Memnones</strong></span> <span class='ocrx_word' id='word_1_171' title='bbox 1119 1937 1148 1988; x_wconf 95' lang='lat' dir='ltr'><strong>et</strong></span> <span class='ocrx_word' id='word_1_172' title='bbox 1161 1945 1186 1986; x_wconf 79' lang='lat' dir='ltr'><strong>oo</strong></span> 
     </span>
     <span class='ocr_line' id='line_1_22' title="bbox 138 2011 1147 2092; baseline -0.004 -17"><span class='ocrx_word' id='word_1_173' title='bbox 138 2013 254 2075; x_wconf 85' lang='lat' dir='ltr'><strong>Dabelli</strong></span> <span class='ocrx_word' id='word_1_174' title='bbox 271 2014 440 2092; x_wconf 87' lang='lat' dir='ltr'><strong>dierumque</strong></span> <span class='ocrx_word' id='word_1_175' title='bbox 460 2012 516 2073; x_wconf 88' lang='lat' dir='ltr'><strong>XX</strong></span> <span class='ocrx_word' id='word_1_176' title='bbox 534 2013 688 2072; x_wconf 87' lang='lat' dir='ltr'><strong>intervallo</strong></span> <span class='ocrx_word' id='word_1_177' title='bbox 707 2011 845 2073; x_wconf 79' lang='lat' dir='ltr'><strong>Critensi.</strong></span> <span class='ocrx_word' id='word_1_178' title='bbox 877 2013 950 2072; x_wconf 89' lang='lat' dir='ltr'><strong>ultra</strong></span> <span class='ocrx_word' id='word_1_179' title='bbox 973 2031 1026 2072; x_wconf 90' lang='lat' dir='ltr'><strong>eos</strong></span> <span class='ocrx_word' id='word_1_180' title='bbox 1042 2012 1147 2088; x_wconf 86' lang='lat' dir='ltr'><strong>Dochi,</strong></span> 
     </span>
     <span class='ocr_line' id='line_1_23' title="bbox 139 2095 1148 2174; baseline -0.003 -15"><span class='ocrx_word' id='word_1_181' title='bbox 139 2098 245 2158; x_wconf 87' lang='lat' dir='ltr'><strong>deinde</strong></span> <span class='ocrx_word' id='word_1_182' title='bbox 262 2097 420 2173; x_wconf 87' lang='lat' dir='ltr'><strong>Gymnetes</strong></span> <span class='ocrx_word' id='word_1_183' title='bbox 439 2115 556 2174; x_wconf 88' lang='lat' dir='ltr'><strong>semper</strong></span> <span class='ocrx_word' id='word_1_184' title='bbox 572 2097 656 2171; x_wconf 89' lang='lat' dir='ltr'><strong>nudi,</strong></span> <span class='ocrx_word' id='word_1_185' title='bbox 671 2115 740 2156; x_wconf 83' lang='lat' dir='ltr'><strong>mox</strong></span> <span class='ocrx_word' id='word_1_186' title='bbox 758 2095 912 2172; x_wconf 88' lang='lat' dir='ltr'><strong>Anderae,</strong></span> <span class='ocrx_word' id='word_1_187' title='bbox 927 2097 1069 2170; x_wconf 85' lang='lat' dir='ltr'><strong>Mattitae,</strong></span> <span class='ocrx_word' id='word_1_188' title='bbox 1088 2095 1148 2156; x_wconf 93' lang='lat' dir='ltr'><strong>Me·</strong></span> 
     </span>
     <span class='ocr_line' id='line_1_24' title="bbox 139 2179 1147 2258; baseline -0.002 -16"><span class='ocrx_word' id='word_1_189' title='bbox 139 2181 257 2255; x_wconf 87' lang='lat' dir='ltr'><strong>saches,</strong></span> <span class='ocrx_word' id='word_1_190' title='bbox 270 2179 472 2258; x_wconf 87' lang='lat' dir='ltr'><strong>Mypsodores,</strong></span> <span class='ocrx_word' id='word_1_191' title='bbox 485 2180 538 2238; x_wconf 89' lang='lat' dir='ltr'><strong>atri</strong></span> <span class='ocrx_word' id='word_1_192' title='bbox 551 2180 660 2239; x_wconf 87' lang='lat' dir='ltr'><strong>coloris</strong></span> <span class='ocrx_word' id='word_1_193' title='bbox 673 2188 735 2239; x_wconf 90' lang='lat' dir='ltr'><strong>tota</strong></span> <span class='ocrx_word' id='word_1_194' title='bbox 747 2197 871 2258; x_wconf 89' lang='lat' dir='ltr'><strong>corpora</strong></span> <span class='ocrx_word' id='word_1_195' title='bbox 883 2181 998 2240; x_wconf 79' lang='lat' dir='ltr'><strong>rubrica</strong></span> <span class='ocrx_word' id='word_1_196' title='bbox 1014 2180 1147 2240; x_wconf 91' lang='lat' dir='ltr'><strong>inlinunt.</strong></span> 
     </span>
     <span class='ocr_line' id='line_1_25' title="bbox 139 2262 1148 2342; baseline -0.002 -18"><span class='ocrx_word' id='word_1_197' title='bbox 139 2273 168 2324; x_wconf 87' lang='lat' dir='ltr'><strong>at</strong></span> <span class='ocrx_word' id='word_1_198' title='bbox 185 2282 224 2324; x_wconf 82' lang='lat' dir='ltr'><strong>ex</strong></span> <span class='ocrx_word' id='word_1_199' title='bbox 237 2263 356 2323; x_wconf 83' lang='lat' dir='ltr'><strong>Africae</strong></span> <span class='ocrx_word' id='word_1_200' title='bbox 373 2271 456 2341; x_wconf 90' lang='lat' dir='ltr'><strong>parte</strong></span> <span class='ocrx_word' id='word_1_201' title='bbox 472 2262 623 2339; x_wconf 82' lang='lat' dir='ltr'><strong>Medimni,</strong></span> <span class='ocrx_word' id='word_1_202' title='bbox 639 2263 706 2322; x_wconf 90' lang='lat' dir='ltr'><strong>dein</strong></span> <span class='ocrx_word' id='word_1_203' title='bbox 721 2263 867 2324; x_wconf 89' lang='lat' dir='ltr'><strong>Nomadas</strong></span> <span class='ocrx_word' id='word_1_204' title='bbox 882 2263 1148 2342; x_wconf 85' lang='lat' dir='ltr'><strong>cynocephalorum</strong></span> 
     </span>
     <span class='ocr_line' id='line_1_26' title="bbox 139 2346 1185 2425; baseline -0.004 -17"><span class='ocrx_word' id='word_1_205' title='bbox 139 2349 216 2409; x_wconf 91' lang='lat' dir='ltr'><strong>lacte</strong></span> <span class='ocrx_word' id='word_1_206' title='bbox 236 2350 384 2424; x_wconf 85' lang='lat' dir='ltr'><strong>viventes,</strong></span> <span class='ocrx_word' id='word_1_207' title='bbox 403 2347 506 2424; x_wconf 89' lang='lat' dir='ltr'><strong>Alabi,</strong></span> <span class='ocrx_word' id='word_1_208' title='bbox 524 2346 668 2422; x_wconf 88' lang='lat' dir='ltr'><strong>Syrbotae</strong></span> <span class='ocrx_word' id='word_1_209' title='bbox 685 2349 733 2425; x_wconf 87' lang='lat' dir='ltr'><strong>qui</strong></span> <span class='ocrx_word' id='word_1_210' title='bbox 751 2357 887 2407; x_wconf 89' lang='lat' dir='ltr'><strong>octonum</strong></span> <span class='ocrx_word' id='word_1_211' title='bbox 901 2348 1064 2409; x_wconf 89' lang='lat' dir='ltr'><strong>cubitorum</strong></span> <span class='ocrx_word' id='word_1_212' title='bbox 1078 2365 1146 2408; x_wconf 87' lang='lat' dir='ltr'><strong>esse</strong></span> <span class='ocrx_word' id='word_1_213' title='bbox 1160 2361 1185 2404; x_wconf 81' lang='lat' dir='ltr'><strong>aa</strong></span> 
     </span>
     <span class='ocr_line' id='line_1_27' title="bbox 88 2429 1147 2510; baseline -0.006 -14"><span class='ocrx_word' id='word_1_214' title='bbox 88 2442 137 2503; x_wconf 83' lang='lat'><strong>191</strong></span> <span class='ocrx_word' id='word_1_215' title='bbox 149 2432 289 2492; x_wconf 89' lang='lat' dir='ltr'><strong>dicuntur.</strong></span> <span class='ocrx_word' id='word_1_216' title='bbox 319 2431 512 2491; x_wconf 86' lang='lat' dir='ltr'><strong>Aristocreon</strong></span> <span class='ocrx_word' id='word_1_217' title='bbox 523 2429 633 2507; x_wconf 86' lang='lat' dir='ltr'><strong>Libyae</strong></span> <span class='ocrx_word' id='word_1_218' title='bbox 645 2432 738 2491; x_wconf 89' lang='lat' dir='ltr'><strong>latere</strong></span> <span class='ocrx_word' id='word_1_219' title='bbox 751 2449 766 2491; x_wconf 91' lang='lat' dir='ltr'><strong>a</strong></span> <span class='ocrx_word' id='word_1_220' title='bbox 778 2431 881 2491; x_wconf 89' lang='lat' dir='ltr'><strong>Meroe</strong></span> <span class='ocrx_word' id='word_1_221' title='bbox 894 2431 1029 2510; x_wconf 92' lang='lat' dir='ltr'><strong>oppidum</strong></span> <span class='ocrx_word' id='word_1_222' title='bbox 1042 2430 1147 2490; x_wconf 84' lang='lat' dir='ltr'><strong>Tollen</strong></span> 
     </span>
     <span class='ocr_line' id='line_1_28' title="bbox 139 2514 1147 2592; baseline -0.002 -17"><span class='ocrx_word' id='word_1_223' title='bbox 139 2516 250 2576; x_wconf 91' lang='lat' dir='ltr'><strong>dierum</strong></span> <span class='ocrx_word' id='word_1_224' title='bbox 273 2514 299 2572; x_wconf 89' lang='lat' dir='ltr'>V</span> <span class='ocrx_word' id='word_1_225' title='bbox 326 2516 432 2575; x_wconf 84' lang='lat' dir='ltr'><strong>itinere</strong></span> <span class='ocrx_word' id='word_1_226' title='bbox 455 2514 551 2574; x_wconf 87' lang='lat' dir='ltr'><strong>tradit.</strong></span> <span class='ocrx_word' id='word_1_227' title='bbox 590 2515 658 2575; x_wconf 91' lang='lat' dir='ltr'><strong>inde</strong></span> <span class='ocrx_word' id='word_1_228' title='bbox 681 2514 790 2575; x_wconf 86' lang='lat' dir='ltr'><strong>dierum</strong></span> <span class='ocrx_word' id='word_1_229' title='bbox 811 2514 866 2575; x_wconf 83' lang='lat' dir='ltr'><strong>xil</strong></span> <span class='ocrx_word' id='word_1_230' title='bbox 890 2515 985 2575; x_wconf 90' lang='lat' dir='ltr'><strong>Aesar</strong></span> <span class='ocrx_word' id='word_1_231' title='bbox 1010 2515 1147 2592; x_wconf 90' lang='lat' dir='ltr'><strong>oppidum</strong></span> 
     </span>
     <span class='ocr_line' id='line_1_29' title="bbox 139 2597 1148 2677; baseline 0 -19"><span class='ocrx_word' id='word_1_232' title='bbox 139 2599 353 2677; x_wconf 88' lang='lat' dir='ltr'><strong>Aegyptiorum</strong></span> <span class='ocrx_word' id='word_1_233' title='bbox 368 2601 415 2676; x_wconf 87' lang='lat' dir='ltr'><strong>qul</strong></span> <span class='ocrx_word' id='word_1_234' title='bbox 433 2598 670 2658; x_wconf 87' lang='lat' dir='ltr'><strong>Psammetichum</strong></span> <span class='ocrx_word' id='word_1_235' title='bbox 685 2599 823 2676; x_wconf 88' lang='lat' dir='ltr'><strong>fugerint.</strong></span> <span class='ocrx_word' id='word_1_236' title='bbox 853 2600 883 2658; x_wconf 90' lang='lat' dir='ltr'><strong>in</strong></span> <span class='ocrx_word' id='word_1_237' title='bbox 900 2617 937 2659; x_wconf 92' lang='lat' dir='ltr'><strong>eo</strong></span> <span class='ocrx_word' id='word_1_238' title='bbox 955 2597 1098 2677; x_wconf 88' lang='lat' dir='ltr'><strong>prodente</strong></span> <span class='ocrx_word' id='word_1_239' title='bbox 1114 2616 1148 2658; x_wconf 90' lang='lat' dir='ltr'><strong>se</strong></span> 
     </span>
     <span class='ocr_line' id='line_1_30' title="bbox 141 2680 1148 2761; baseline -0.002 -18"><span class='ocrx_word' id='word_1_240' title='bbox 141 2680 214 2743; x_wconf 79' lang='lat' dir='ltr'><strong>CCC</strong></span> <span class='ocrx_word' id='word_1_241' title='bbox 229 2682 258 2741; x_wconf 96' lang='lat' dir='ltr'><strong>M</strong></span> <span class='ocrx_word' id='word_1_242' title='bbox 274 2682 433 2742; x_wconf 90' lang='lat' dir='ltr'><strong>habitasse.</strong></span> <span class='ocrx_word' id='word_1_243' title='bbox 466 2690 567 2742; x_wconf 89' lang='lat' dir='ltr'><strong>contra</strong></span> <span class='ocrx_word' id='word_1_244' title='bbox 585 2685 613 2741; x_wconf 90' lang='lat' dir='ltr'><strong>iu</strong></span> <span class='ocrx_word' id='word_1_245' title='bbox 629 2683 757 2742; x_wconf 87' lang='lat' dir='ltr'><strong>Arabico</strong></span> <span class='ocrx_word' id='word_1_246' title='bbox 772 2683 865 2743; x_wconf 88' lang='lat' dir='ltr'><strong>latere</strong></span> <span class='ocrx_word' id='word_1_247' title='bbox 881 2683 990 2743; x_wconf 87' lang='lat' dir='ltr'><strong>Diaron</strong></span> <span class='ocrx_word' id='word_1_248' title='bbox 1011 2682 1148 2761; x_wconf 89' lang='lat' dir='ltr'><strong>oppidum</strong></span> 
     </span>
     <span class='ocr_line' id='line_1_31' title="bbox 140 2765 1185 2844; baseline -0.004 -18"><span class='ocrx_word' id='word_1_249' title='bbox 140 2785 208 2826; x_wconf 87' lang='lat' dir='ltr'><strong>esse</strong></span> <span class='ocrx_word' id='word_1_250' title='bbox 226 2783 335 2826; x_wconf 87' lang='lat' dir='ltr'><strong>eorum.</strong></span> <span class='ocrx_word' id='word_1_251' title='bbox 374 2765 449 2824; x_wconf 89' lang='lat' dir='ltr'><strong>Bion</strong></span> <span class='ocrx_word' id='word_1_252' title='bbox 468 2774 564 2824; x_wconf 88' lang='lat' dir='ltr'><strong>autem</strong></span> <span class='ocrx_word' id='word_1_253' title='bbox 582 2766 679 2844; x_wconf 90' lang='lat' dir='ltr'><strong>Sapen</strong></span> <span class='ocrx_word' id='word_1_254' title='bbox 696 2775 781 2826; x_wconf 87' lang='lat' dir='ltr'><strong>vocat</strong></span> <span class='ocrx_word' id='word_1_255' title='bbox 804 2767 881 2843; x_wconf 87' lang='lat' dir='ltr'><strong>quod</strong></span> <span class='ocrx_word' id='word_1_256' title='bbox 901 2767 952 2826; x_wconf 94' lang='lat' dir='ltr'><strong>ille</strong></span> <span class='ocrx_word' id='word_1_257' title='bbox 974 2765 1086 2841; x_wconf 88' lang='lat' dir='ltr'><strong>Aesar,</strong></span> <span class='ocrx_word' id='word_1_258' title='bbox 1117 2773 1147 2824; x_wconf 92' lang='lat' dir='ltr'><strong>et</strong></span> <span class='ocrx_word' id='word_1_259' title='bbox 1159 2781 1185 2822; x_wconf 80' lang='lat' dir='ltr'><strong>ao</strong></span> 
     </span>
     <span class='ocr_line' id='line_1_32' title="bbox 139 2847 1147 2928; baseline -0.001 -19"><span class='ocrx_word' id='word_1_260' title='bbox 139 2852 205 2928; x_wconf 86' lang='lat' dir='ltr'><strong>ipso</strong></span> <span class='ocrx_word' id='word_1_261' title='bbox 230 2850 346 2909; x_wconf 87' lang='lat' dir='ltr'><strong>nomine</strong></span> <span class='ocrx_word' id='word_1_262' title='bbox 368 2847 494 2909; x_wconf 88' lang='lat' dir='ltr'><strong>advenas</strong></span> <span class='ocrx_word' id='word_1_263' title='bbox 512 2850 552 2908; x_wconf 88' lang='lat' dir='ltr'><strong>ait</strong></span> <span class='ocrx_word' id='word_1_264' title='bbox 572 2851 738 2926; x_wconf 85' lang='lat' dir='ltr'><strong>significari.</strong></span> <span class='ocrx_word' id='word_1_265' title='bbox 777 2858 863 2928; x_wconf 89' lang='lat' dir='ltr'><strong>eaput</strong></span> <span class='ocrx_word' id='word_1_266' title='bbox 883 2868 983 2911; x_wconf 89' lang='lat' dir='ltr'><strong>eorum</strong></span> <span class='ocrx_word' id='word_1_267' title='bbox 1003 2851 1033 2909; x_wconf 93' lang='lat' dir='ltr'><strong>iu</strong></span> <span class='ocrx_word' id='word_1_268' title='bbox 1054 2849 1147 2909; x_wconf 87' lang='lat' dir='ltr'><strong>insula</strong></span> 
     </span>
     <span class='ocr_line' id='line_1_33' title="bbox 140 2933 1147 3007; baseline -0.001 -15"><span class='ocrx_word' id='word_1_269' title='bbox 140 2934 339 3007; x_wconf 90' lang='lat' dir='ltr'><strong>Sembobitin,</strong></span> <span class='ocrx_word' id='word_1_270' title='bbox 360 2941 390 2992; x_wconf 92' lang='lat' dir='ltr'><strong>et</strong></span> <span class='ocrx_word' id='word_1_271' title='bbox 407 2935 522 2992; x_wconf 92' lang='lat' dir='ltr'><strong>tertium</strong></span> <span class='ocrx_word' id='word_1_272' title='bbox 540 2934 569 2992; x_wconf 91' lang='lat' dir='ltr'><strong>in</strong></span> <span class='ocrx_word' id='word_1_273' title='bbox 583 2933 692 2993; x_wconf 90' lang='lat' dir='ltr'><strong>Arabia</strong></span> <span class='ocrx_word' id='word_1_274' title='bbox 708 2933 796 2994; x_wconf 90' lang='lat' dir='ltr'><strong>Sinat.</strong></span> <span class='ocrx_word' id='word_1_275' title='bbox 830 2936 1035 2994; x_wconf 89' lang='lat' dir='ltr'><strong>intermontes</strong></span> <span class='ocrx_word' id='word_1_276' title='bbox 1052 2941 1147 2991; x_wconf 91' lang='lat' dir='ltr'><strong>autem</strong></span> 
     </span>
     <span class='ocr_line' id='line_1_34' title="bbox 141 3016 1147 3095; baseline -0.001 -18"><span class='ocrx_word' id='word_1_277' title='bbox 141 3026 171 3077; x_wconf 89' lang='lat' dir='ltr'><strong>et</strong></span> <span class='ocrx_word' id='word_1_278' title='bbox 191 3017 287 3077; x_wconf 87' lang='lat' dir='ltr'><strong>Nilum</strong></span> <span class='ocrx_word' id='word_1_279' title='bbox 309 3016 447 3077; x_wconf 89' lang='lat' dir='ltr'><strong>Simbarri</strong></span> <span class='ocrx_word' id='word_1_280' title='bbox 470 3025 552 3092; x_wconf 92' lang='lat' dir='ltr'><strong>sunt,</strong></span> <span class='ocrx_word' id='word_1_281' title='bbox 573 3016 736 3095; x_wconf 84' lang='lat' dir='ltr'><strong>Palugges,</strong></span> <span class='ocrx_word' id='word_1_282' title='bbox 758 3020 787 3077; x_wconf 89' lang='lat' dir='ltr'><strong>in</strong></span> <span class='ocrx_word' id='word_1_283' title='bbox 810 3019 882 3095; x_wconf 90' lang='lat' dir='ltr'><strong>ipsis</strong></span> <span class='ocrx_word' id='word_1_284' title='bbox 902 3035 976 3077; x_wconf 86' lang='lat' dir='ltr'><strong>uero</strong></span> <span class='ocrx_word' id='word_1_285' title='bbox 1000 3017 1147 3077; x_wconf 88' lang='lat' dir='ltr'><strong>montibus</strong></span> 
     </span>
     <span class='ocr_line' id='line_1_35' title="bbox 140 3099 1148 3162; baseline 0.001 -3"><span class='ocrx_word' id='word_1_286' title='bbox 140 3100 273 3161; x_wconf 91' lang='lat' dir='ltr'><strong>Asachae</strong></span> <span class='ocrx_word' id='word_1_287' title='bbox 291 3100 387 3160; x_wconf 91' lang='lat' dir='ltr'><strong>multis</strong></span> <span class='ocrx_word' id='word_1_288' title='bbox 411 3100 584 3160; x_wconf 84' lang='lat' dir='ltr'><strong>nationibus.</strong></span> <span class='ocrx_word' id='word_1_289' title='bbox 625 3103 732 3162; x_wconf 89' lang='lat' dir='ltr'><strong>abesse</strong></span> <span class='ocrx_word' id='word_1_290' title='bbox 753 3120 769 3161; x_wconf 92' lang='lat' dir='ltr'><strong>a</strong></span> <span class='ocrx_word' id='word_1_291' title='bbox 791 3103 861 3161; x_wconf 86' lang='lat' dir='ltr'><strong>mari</strong></span> <span class='ocrx_word' id='word_1_292' title='bbox 884 3101 1017 3161; x_wconf 92' lang='lat' dir='ltr'><strong>dicuntur</strong></span> <span class='ocrx_word' id='word_1_293' title='bbox 1036 3099 1148 3160; x_wconf 90' lang='lat' dir='ltr'><strong>dierum</strong></span> 
     </span>
     <span class='ocr_line' id='line_1_36' title="bbox 88 3182 1185 3262; baseline -0.002 -20"><span class='ocrx_word' id='word_1_294' title='bbox 88 3200 139 3251; x_wconf 79' lang='lat'><strong>192</strong></span> <span class='ocrx_word' id='word_1_295' title='bbox 151 3184 178 3242; x_wconf 88' lang='lat' dir='ltr'>V</span> <span class='ocrx_word' id='word_1_296' title='bbox 191 3187 307 3245; x_wconf 89' lang='lat' dir='ltr'><strong>itinere.</strong></span> <span class='ocrx_word' id='word_1_297' title='bbox 338 3187 438 3244; x_wconf 86' lang='lat' dir='ltr'><strong>vivunt</strong></span> <span class='ocrx_word' id='word_1_298' title='bbox 454 3184 673 3262; x_wconf 89' lang='lat' dir='ltr'><strong>elephantorum</strong></span> <span class='ocrx_word' id='word_1_299' title='bbox 689 3194 802 3245; x_wconf 80' lang='lat' dir='ltr'><strong>venatu,</strong></span> <span class='ocrx_word' id='word_1_300' title='bbox 830 3185 926 3245; x_wconf 84' lang='lat' dir='ltr'><strong>Insula</strong></span> <span class='ocrx_word' id='word_1_301' title='bbox 940 3187 968 3244; x_wconf 91' lang='lat' dir='ltr'><strong>in</strong></span> <span class='ocrx_word' id='word_1_302' title='bbox 983 3182 1051 3244; x_wconf 88' lang='lat' dir='ltr'><strong>Nilo</strong></span> <span class='ocrx_word' id='word_1_303' title='bbox 1067 3183 1147 3244; x_wconf 89' lang='lat' dir='ltr'><strong>Sern-</strong></span> <span class='ocrx_word' id='word_1_304' title='bbox 1160 3198 1185 3240; x_wconf 84' lang='lat' dir='ltr'><strong>ao</strong></span> 
     </span>
     <span class='ocr_line' id='line_1_37' title="bbox 140 3267 1147 3346; baseline -0.001 -19"><span class='ocrx_word' id='word_1_305' title='bbox 140 3269 312 3328; x_wconf 89' lang='lat' dir='ltr'><strong>berritarum</strong></span> <span class='ocrx_word' id='word_1_306' title='bbox 334 3272 454 3346; x_wconf 89' lang='lat' dir='ltr'><strong>reginae</strong></span> <span class='ocrx_word' id='word_1_307' title='bbox 477 3277 570 3346; x_wconf 86' lang='lat' dir='ltr'><strong>paret.</strong></span> <span class='ocrx_word' id='word_1_308' title='bbox 614 3269 649 3327; x_wconf 95' lang='lat' dir='ltr'><strong>ab</strong></span> <span class='ocrx_word' id='word_1_309' title='bbox 675 3287 710 3328; x_wconf 89' lang='lat' dir='ltr'><strong>ea</strong></span> <span class='ocrx_word' id='word_1_310' title='bbox 730 3269 825 3329; x_wconf 89' lang='lat' dir='ltr'><strong>Nubel</strong></span> <span class='ocrx_word' id='word_1_311' title='bbox 849 3268 1013 3346; x_wconf 87' lang='lat' dir='ltr'><strong>Aethiopes</strong></span> <span class='ocrx_word' id='word_1_312' title='bbox 1035 3267 1147 3327; x_wconf 90' lang='lat' dir='ltr'><strong>dierum</strong></span> 
     </span>
     <span class='ocr_line' id='line_1_38' title="bbox 139 3350 1147 3431; baseline 0.001 -21"><span class='ocrx_word' id='word_1_313' title='bbox 139 3350 340 3414; x_wconf 89' lang='lat' dir='ltr'><strong>Vlllitinere.</strong></span> <span class='ocrx_word' id='word_1_314' title='bbox 378 3353 514 3431; x_wconf 91' lang='lat' dir='ltr'><strong>oppidum</strong></span> <span class='ocrx_word' id='word_1_315' title='bbox 530 3369 629 3411; x_wconf 92' lang='lat' dir='ltr'><strong>eorum</strong></span> <span class='ocrx_word' id='word_1_316' title='bbox 643 3351 712 3411; x_wconf 91' lang='lat' dir='ltr'><strong>Nilo</strong></span> <span class='ocrx_word' id='word_1_317' title='bbox 727 3351 886 3431; x_wconf 91' lang='lat' dir='ltr'><strong>inpositum</strong></span> <span class='ocrx_word' id='word_1_318' title='bbox 906 3351 1062 3430; x_wconf 85' lang='lat' dir='ltr'><strong>Tenupsis.</strong></span> <span class='ocrx_word' id='word_1_319' title='bbox 1095 3350 1147 3411; x_wconf 88' lang='lat' dir='ltr'><strong>Se·</strong></span> 
     </span>
     <span class='ocr_line' id='line_1_39' title="bbox 139 3435 1147 3515; baseline -0.001 -21"><span class='ocrx_word' id='word_1_320' title='bbox 139 3436 263 3513; x_wconf 88' lang='lat' dir='ltr'><strong>sambri,</strong></span> <span class='ocrx_word' id='word_1_321' title='bbox 290 3437 366 3515; x_wconf 92' lang='lat' dir='ltr'><strong>apud</strong></span> <span class='ocrx_word' id='word_1_322' title='bbox 388 3453 462 3515; x_wconf 91' lang='lat' dir='ltr'><strong>quos</strong></span> <span class='ocrx_word' id='word_1_323' title='bbox 482 3435 676 3515; x_wconf 89' lang='lat' dir='ltr'><strong>quadripedes</strong></span> <span class='ocrx_word' id='word_1_324' title='bbox 698 3453 799 3498; x_wconf 88' lang='lat' dir='ltr'><strong>omnes</strong></span> <span class='ocrx_word' id='word_1_325' title='bbox 818 3439 882 3496; x_wconf 88' lang='lat' dir='ltr'><strong>sine</strong></span> <span class='ocrx_word' id='word_1_326' title='bbox 898 3435 1031 3512; x_wconf 92' lang='lat' dir='ltr'><strong>auribus,</strong></span> <span class='ocrx_word' id='word_1_327' title='bbox 1060 3435 1147 3495; x_wconf 89' lang='lat' dir='ltr'><strong>etiam</strong></span> 
     </span>
    </p>
   </div>
   <div class='ocr_carea' id='block_1_3' title="bbox 0 0 1207 3856">
    <p class='ocr_par' dir='ltr' id='par_1_3' title="bbox 0 0 1207 3856">
     <span class='ocr_line' id='line_1_40' title="bbox 0 0 1207 3856; baseline 0 0"><span class='ocrx_word' id='word_1_328' title='bbox 0 0 1207 3856; x_wconf 95' lang='lat' dir='ltr'><strong> </strong></span> 
     </span>
    </p>
   </div>
  </div>
 </body>
</html>
