2400 3856
122 157 184 221 156
467 169 497 216 o.
519 171 616 216 eninr
639 168 787 216 sacuam

123 326 217 386 omnia
236 342 286 384 sua
301 323 479 385 mirantibus.
511 325 539 383 in
563 326 627 382 sinu
645 324 781 401 oppidum
796 322 960 382 Ambracia.
990 319 1139 383 Molosso·

123 428 186 469 rnm
201 409 315 469 llnmina
331 408 450 486 Aphas,
473 408 629 485 Aratthns,
651 409 753 467 civitas
770 406 945 483 Anactoria,
968 406 1050 466 locus
1067 406 1139 466 Pan·

124 493 216 554 dosia.

90 583 107 633 5
190 574 253 656 (2.)
277 576 459 637 Acarnaniae
488 595 562 654 quae
588 584 672 636 antea
702 573 818 635 Curetis
848 575 1006 634 vocabatur
1030 574 1138 653 oppida

125 659 271 737 Heraclia,
287 659 426 737 Echinus,
440 670 470 720 et
487 662 516 719 in
536 678 589 720 ore
601 662 667 738 ipso
680 659 795 719 colonia
807 658 932 736 Augusti
945 657 1062 717 Actium
1075 677 1138 718 curn
1154 680 1169 722 a

126 744 236 823 templo
246 744 393 822 Apollinis
404 743 495 805 nobili
511 762 545 803 ac
556 745 675 804 civitate
689 743 781 802 libera
795 741 1010 819 Nicopolitana.
1027 740 1140 818 Egres-

125 846 176 888 sos
200 831 264 888 sinu
280 828 436 888 Ambracio
454 830 487 887 in·
503 827 614 887 lonium
636 828 744 904 excipit
764 825 936 885 Leucadium
956 825 1043 902 litus,
1071 843 1141 904 pro·

124 914 297 973 munturium
311 911 470 988 Leucates,
491 910 559 971 dein
577 911 656 970 sinus
677 928 711 969 ac
726 909 868 969 Leucadia
888 913 951 988 ipsa
967 911 1141 987 paeninsula

125 996 267 1074 quondam
289 994 401 1055 Neritis
423 995 585 1073 appellata,
612 1011 704 1072 opere
724 994 889 1053 adcolarum
911 993 1024 1052 abscisa
1045 996 1140 1053 conti·

124 1083 204 1140 uenti
224 1098 258 1140 ac
277 1079 389 1138 reddita
406 1086 557 1138 ventorum
581 1077 649 1138 llatu
671 1079 840 1155 congeriem
861 1077 987 1137 harenae
1005 1076 1140 1137 adcumu-
1156 1100 1178 1139 rc

124 1164 260 1239 lantium,
282 1164 329 1239 qui
349 1161 430 1220 locus
452 1170 573 1221 vocatur
595 1160 752 1237 Dioryctos
776 1161 933 1221 stadiorum
957 1161 1141 1238 longitudine

125 1249 219 1306 trium.
245 1246 380 1324 oppidum
396 1247 425 1305 in
440 1264 474 1306 ea
492 1244 620 1324 leucas,
637 1244 778 1324 quondam
795 1243 927 1322 Neritum
945 1244 1059 1303 dictum.
1082 1244 1141 1306 De·

123 1329 191 1389 inde
204 1328 385 1389 Acarnanum
397 1330 486 1390 urbes
499 1329 615 1405 Alyzia,
634 1329 760 1404 Stratos,
773 1329 873 1406 Argos
888 1328 1142 1406 Amphilochicum

125 1414 368 1490 cognominatum.
396 1415 486 1473 amnis
502 1412 651 1474 Achelous
674 1433 691 1472 e
709 1412 801 1473 Pindo
824 1413 917 1473 fluens
938 1421 1027 1491 atque
1049 1411 1141 1474 Acar·

124 1500 235 1558 naniam
248 1497 285 1557 ali
297 1495 417 1557 Aetolia
429 1497 565 1557 dirimens
578 1506 608 1557 et
620 1496 792 1557 Artemitam
803 1497 924 1556 insulam
941 1496 1062 1556 adsiduo
1081 1505 1140 1558 ter·
1154 1518 1177 1560 u

123 1599 175 1642 rae
191 1584 309 1641 invectu
324 1583 484 1640 continenti
502 1582 668 1642 adnectens.

56 1743 58 1747 Ι
88 1671 107 1722 6
188 1663 217 1727 2.
235 1663 297 1742 (3.)
319 1665 494 1725 Aetolorum
508 1664 608 1744 populi
624 1664 812 1740 Athamanes,
828 1662 998 1743 Nymphaei,
1014 1662 1142 1743 Ephyri,

125 1750 309 1823 Aenienses,
326 1748 498 1826 Perrhaebi,
518 1748 667 1827 Dolopes,
683 1747 827 1825 llaraces,
841 1746 984 1825 Atraces,
1000 1750 1141 1827 aquibus

124 1834 218 1893 Atrax
230 1834 320 1892 amnis
332 1831 416 1893 lonio
428 1835 498 1892 mari
511 1832 677 1893 infunditur.
702 1832 839 1892 Aetoliae
857 1832 994 1909 oppidum
1007 1828 1140 1909 Calydon

126 1916 245 1977 estvll
269 1915 298 1974 Μ
316 1915 341 1975 D
365 1935 442 1994 pass.
467 1935 484 1977 a
508 1919 580 1976 mari
602 1919 681 1976 iuxta
696 1914 827 1975 Euenum
847 1933 967 1975 amnem.
998 1915 1066 1975 dein
1080 1915 1176 1977 illa-ao

125 2003 220 2076 cynia,
232 1999 384 2076 Nolycria,
401 2001 483 2062 cuins
500 2019 516 2061 a
532 2009 617 2077 tergo
632 1998 747 2060 Chalcis
761 2017 844 2059 mons
857 2008 887 2058 et
902 1998 1092 2077 Paphiassus.
1112 2009 1141 2061 at

125 2086 155 2142 in
169 2101 221 2142 ora
233 2085 461 2161 promunturium
474 2082 664 2159 Antirrhium,
674 2084 722 2143 ubi
731 2085 837 2143 ostium
845 2081 1024 2144 Corinthiaci
1038 2086 1140 2145 sinuus

124 2167 217 2224 minus
236 2164 265 2223 Μ
280 2183 414 2243 passuum
435 2166 585 2226 latitudine
607 2166 754 2226 induentis
769 2167 954 2245 Aetolosque
977 2166 1141 2229 dirimentis

126 2267 143 2308 a
165 2249 383 2326 Peloponneso.
413 2251 640 2327 promunturium
663 2250 740 2328 qnod
760 2259 862 2310 contra
875 2249 1017 2334 {procedit
1038 2254 1141 2331 appel·

125 2332 201 2394 latur
213 2333 318 2393 Rhion.
340 2333 392 2393 sed
408 2335 437 2392 in
451 2332 602 2393 Corinthio
614 2335 677 2394 sinn
690 2334 796 2412 oppida
808 2334 945 2394 Aetoliae
957 2333 1139 2415 Naupactus,
1153 2355 1176 2396 ss

125 2416 312 2496 Eupalimua,
336 2426 367 2476 et
382 2419 412 2476 in
433 2417 646 2478 mediterraneo
666 2416 809 2493 Pleuron,
831 2418 992 2479 Halisarna.
1022 2429 1140 2481 montes

125 2500 195 2560 clari
212 2504 241 2561 in
256 2500 382 2562 Dodone
398 2500 554 2578 Tomaros,
575 2503 605 2561 in
620 2501 772 2561 Ambracia
790 2499 910 2579 Crania,
928 2504 958 2562 in
975 2501 1142 2565 Acarnania

124 2585 327 2662 Aracynthus,
342 2587 372 2644 in
390 2584 509 2645 Aetolia
525 2586 676 2663 Achaton,
692 2584 905 2662 Panaetolium,
923 2585 1097 2663 Macynium.

54 2666 58 2673 ’
91 2681 105 2729 7
186 2666 215 2728 3.
232 2666 293 2745 (4.)
319 2667 446 2729 Proximi
464 2668 581 2729 Aetolis
597 2668 682 2728 Locri
698 2671 936 2746 cognominantur
951 2669 1078 2749 Ozolae,
1098 2674 1140 2733 in·

124 2768 237 2810 munes.
273 2751 408 2829 oppidum
427 2751 575 2828 Oeanthe,
598 2761 701 2829 portus
724 2752 870 2833 Apollinis
886 2752 1032 2830 Phaestii,
1057 2757 1139 2817 sinus
1153 2775 1177 2817 eo

127 2833 272 2893 Crisaeus.
303 2837 379 2893 intus
398 2835 504 2913 oppida
520 2835 657 2912 Argyna,
672 2835 843 2915 Enpolaea,
865 2837 1035 2915 Phaestum,
1058 2836 1141 2902 Cala·

124 2920 223 2978 misus.
248 2917 323 2978 ultra
336 2915 467 2979 Cirrhaei
479 2917 614 2979 Phocidis
627 2923 736 2999 campi,
751 2921 886 2999 oppidum
899 2919 1018 3000 Cirrha,
1033 2932 1141 3000 portus

126 3000 285 3080 Chalaeon,
300 3004 319 3062 'a
336 3022 393 3082 quo
409 3001 465 3062 Vll
476 3002 506 3061 Μ
520 3021 599 3082 pass.
616 3007 760 3065 introrsus
777 3004 899 3064 liberum
917 3005 1055 3083 oppidum
1070 3006 1141 3068 Del-

125 3087 174 3165 phi
192 3087 359 3148 submonte
377 3086 505 3148 Parnaso
527 3088 678 3149 clarissimi
701 3091 730 3148 iu
748 3090 835 3148 terris
853 3089 961 3148 oraculi
976 3090 1139 3168 Apollinis.

89 3171 191 3245 §.fons
210 3168 371 3250 Castalius,
392 3173 483 3231 amnis
501 3169 645 3250 Cephisus
661 3173 826 3251 praellaens
842 3170 990 3251 Delphos,
1008 3183 1090 3234 ortus
1110 3178 1140 3235 in
1154 3194 1178 3234 aa

124 3252 222 3314 Lilaea
238 3256 320 3315 urhe.
350 3254 490 3334 quondam
507 3265 661 3333 praeterea
684 3256 821 3334 oppidum
844 3254 927 3317 Crisa
945 3266 975 3317 et
996 3275 1060 3318 cum
1082 3258 1140 3319 Bu-

124 3337 256 3398 lensibus
267 3338 418 3418 Anticyra,
434 3338 629 3416 Naulochum,
646 3338 771 3418 Pyrrha,
783 3340 922 3419 Amphisa
937 3343 1073 3420 inmunis,
1090 3341 1140 3402 Pi·

45 3446 48 3451 ·
124 3419 241 3501 throne,
253 3421 402 3501 Tithorea,
414 3422 588 3501 Ambrysus,
598 3422 719 3503 Niraua,
739 3428 911 3504 quaeregio
924 3425 1023 3487 Daulis
1036 3428 1141 3507 appel·
