2400 3856
116 167 158 232 82
460 182 491 228 c.
513 180 609 228 rursu
632 181 781 231 sucumor

118 355 234 417 quoque
247 338 343 416 ipsius
359 354 493 397 mensura
508 338 606 397 veniat
620 336 655 397 ad
672 337 788 414 digitos.
813 345 933 415 quantas
949 338 1025 398 enim
1038 337 1128 398 dime-

119 424 194 482 tiens
215 421 321 481 haheat
336 422 490 499 septimas,
508 428 602 481 tantas
619 419 730 481 habere
747 420 884 480 circulum
900 421 956 481 duo
974 431 1004 481 et
1021 423 1125 482 vicesi-

117 524 196 583 mas,
218 514 359 583 tamquam
375 505 461 584 plane
480 523 496 565 a
515 504 725 582 perpendiculo
747 523 881 564 mensura
902 506 975 565 caeli
999 515 1124 566 constet.

75 590 264 668 88hegyptia
279 591 365 666 ratio,
387 606 471 668 quam
485 588 628 649 Petosiris
645 596 675 648 et
689 587 861 666 Nechepsos
880 589 1051 667 ostendere,
1067 591 1126 650 sirr-

82 674 202 751 mgulas
219 682 317 752 partes
332 675 361 734 in
378 673 470 733 lunari
488 672 611 751 circulo,
626 681 658 731 ut
674 671 778 732 dictum
795 682 857 749 est,
872 674 988 734 minimo
1006 675 1149 751 triginta⁵

119 758 211 817 tribus
228 757 328 818 stadiis
345 757 431 837 paulo
444 758 566 835 uuplius
581 765 683 834 patere
698 756 821 834 colligit,
840 758 870 815 in
882 756 996 818 Saturni
1009 758 1126 836 amplis·

83 861 109 902 aa
119 843 191 902 simo
207 842 333 920 duplum,
349 844 379 902 in
395 841 485 917 solis,
501 859 586 920 quem
601 839 724 900 medium
740 859 810 901 esse
824 840 958 918 diximus,
973 843 1127 920 utriusque

117 944 270 987 mensurae
285 926 438 986 dimidium.
471 942 545 1002 quae
566 928 733 1002 conputatio
755 925 907 1003 plurimum
929 923 1018 986 habet
1035 926 1127 1005 pudo·

118 1013 172 1090 ris,
188 1012 321 1088 quoniam
336 1009 370 1069 ad
386 1009 501 1068 Saturni
517 1009 654 1068 circulum
669 1008 766 1068 addito
781 1009 915 1086 signiferi
929 1010 1022 1088 ipsius
1037 1011 1127 1069 iuter·

119 1094 196 1153 vallo
212 1112 267 1153 nec
281 1092 467 1153 numerabilis
483 1092 683 1171 multiplicatio
699 1093 832 1155 efficitur.
1135 1107 1160 1147 1⁰

75 1185 109 1239 89
180 1174 232 1237 24.
254 1174 336 1255 (22.)
356 1176 480 1237 Restant
500 1194 591 1256 pauca
606 1177 643 1238 de
659 1176 774 1238 mundo.
806 1194 929 1256 namque
952 1186 982 1237 et
1005 1178 1125 1256 inipso

118 1260 202 1321 caelo
224 1260 329 1320 stellae
351 1269 476 1340 repente
498 1270 663 1322 nascuntur.
699 1261 784 1322 Plura
800 1279 898 1322 carum
920 1278 1039 1339 genera.
1072 1259 1126 1324 25.

120 1342 255 1404 Gometas
271 1342 374 1405 Graeci
389 1353 511 1422 vocant,
529 1347 621 1406 nostri
638 1346 769 1424 crinitas,
781 1345 938 1423 ,horrentis
965 1347 1046 1406 crine
1063 1363 1127 1405 san·

118 1430 227 1506 guiueo
252 1437 282 1488 et
304 1446 448 1490 comarum
469 1429 556 1489 modo
578 1432 608 1491 in
631 1432 773 1490 verticem
793 1429 931 1508 hispidas.
963 1428 1051 1489 iidem
1073 1445 1126 1508 po·

118 1515 221 1591 gouias
243 1515 347 1591 quibus
369 1513 511 1574 inferiore
528 1532 566 1574 ex
586 1522 670 1593 parte
690 1515 720 1574 in
742 1515 872 1593 speciem
892 1513 1002 1574 barbae
1017 1513 1161 1590 longae1⁵

119 1599 297 1677 promittitur
318 1598 394 1658 iuba.
426 1597 571 1659 Acontiae
586 1598 673 1659 iaculi
692 1597 778 1658 modo
795 1598 955 1659 vibrantur.
990 1598 1127 1658 ocissimo

119 1682 282 1758 significatu
298 1681 371 1742 haec
387 1682 440 1742 iuit
456 1683 492 1742 de
508 1701 564 1762 qua
579 1684 680 1760 quinto
696 1682 848 1743 consulatu
864 1699 917 1741 suo
938 1680 1020 1741 Titus
1036 1681 1127 1759 impe-

119 1774 201 1826 rator
222 1763 331 1827 Caesar
351 1765 503 1844 praeclaro
529 1768 655 1827 carmine
682 1768 872 1845 perscripsit,
898 1765 934 1826 ad
955 1764 1031 1825 hunc
1052 1764 1128 1825 diem

120 1851 278 1910 novissime
297 1852 368 1910 visa.
397 1849 522 1912 Easdem
537 1850 692 1921 breviores
708 1859 738 1910 et
754 1852 782 1910 in
797 1866 965 1910 mucronem
975 1849 1128 1926 fastigatas

120 1934 234 2012 xiphias
256 1948 416 2011 vocavere,
441 1952 515 2013 quae
541 1943 608 1994 sunt
627 1935 750 1994 omnium
770 1934 976 2012 pallidissimae
1001 1941 1031 1993 et
1058 1950 1182 2011 quo-ao·

7 2069 28 2083 ,
121 2015 183 2075 dam
202 2016 279 2093 gladi
295 2019 391 2077 nitore
407 2035 441 2077 ac
454 2018 518 2076 sine
533 2015 600 2074 ullis
616 2017 714 2091 radiis,
731 2031 804 2092 quos
823 2022 853 2075 et
867 2014 993 2091 disocus,
1009 2032 1065 2076 suo
1077 2034 1128 2077 no·

120 2100 188 2158 mini
207 2100 323 2175 similis,
347 2100 449 2160 colore
468 2108 563 2159 autem
579 2100 709 2176 electro,
732 2116 817 2160 raros
835 2119 852 2161 e
867 2103 997 2178 margine
1014 2100 1129 2160 emittit.

79 2181 241 2242 ttol’itheus
262 2182 406 2242 doliorum
431 2185 559 2242 cernitur
581 2184 673 2261 ligura
693 2185 723 2243 in
744 2200 873 2245 concavo
894 2185 1018 2245 fumidae
1043 2183 1128 2243 lucis.

123 2264 255 2327 Geratias
272 2284 378 2326 coruus
394 2268 525 2345 speciem
539 2267 644 2344 habet,
662 2268 754 2346 qualis
770 2270 824 2328 luit
838 2288 901 2328 cum
919 2266 1040 2328 Graecia
1055 2266 1130 2346 apud

123 2349 264 2412 Salamina
279 2351 463 2430 depugnavit.
489 2350 659 2431 Lampadias
669 2352 805 2412 ardentes
820 2354 946 2413 imitatur
960 2353 1053 2429 laces,
1068 2351 1162 2428 hip-rs

122 2453 195 2512 peus
211 2437 332 2514 equinas
353 2436 453 2512 iubas,
477 2435 623 2497 celerrimi
642 2445 756 2496 motuos
776 2445 862 2514 atque
882 2438 911 2495 in
930 2434 1032 2495 orbem
1053 2436 1130 2494 circa

122 2537 155 2579 se
171 2527 284 2580 euntes.
314 2519 361 2580 Fit
378 2529 408 2580 et
423 2519 559 2581 candidus
576 2530 707 2581 cometes
726 2530 868 2598 argenteo
885 2521 965 2579 crine
981 2520 1021 2578 ita
1042 2518 1131 2579 reiul·

122 2621 195 2678 gens
212 2611 243 2661 ut
256 2604 307 2662 vix
318 2606 450 2664 contueri
465 2604 563 2681 liceat,
580 2606 739 2682 specieque
751 2603 891 2664 humanae
902 2603 988 2663 faciei
1000 2603 1131 2679 effigiem

122 2686 151 2743 in
168 2704 201 2744 se
218 2687 385 2748 osteudens.
412 2688 482 2746 fiunt
500 2695 531 2746 et
546 2687 613 2748 hirti
628 2687 763 2746 villorum
779 2690 880 2766 specie
898 2694 929 2746 et
943 2686 1020 2746 nube
1035 2686 1131 2765 aliqua

122 2766 295 2827 circumdati.
327 2769 419 2829 semel
434 2769 526 2829 adhuc
541 2770 626 2830 iubae
642 2771 756 2848 effigies
772 2781 879 2831 mutata
899 2771 928 2830 in
946 2770 1057 2830 hastam
1073 2778 1165 2846 est‚so

123 2849 293 2930 Olympiade
310 2848 421 2930 GVlIl,
444 2853 524 2912 urbis
541 2870 614 2913 anno
632 2851 813 2915 GGGCVIII.
847 2855 1055 2915 Brevissimum
1072 2870 1131 2932 qrro

123 2945 315 3079 coercerentur
331 2937 454 3015 spatium
468 2935 524 2996 Vll
539 2937 650 3000 dierum
665 2938 830 2999 adnotatum
846 2947 907 3015 est,
930 2937 1132 3014 longissimum

79 3109 112 3162 til
188 3103 272 3184 (23.)
292 3103 447 3166 Moventur
463 3115 559 3168 autem
574 3107 648 3168 aliae
664 3108 820 3169 errantium
835 3108 932 3183 modo,
953 3104 1029 3166 aliae
1043 3106 1133 3165 inmo·

124 3189 201 3249 biles
225 3188 364 3267 haerent,
390 3208 490 3252 omnes
511 3192 604 3252 ierme
626 3193 678 3252 sub
704 3195 770 3271 ipso
789 3192 1009 3269 septentrione,
1038 3188 1164 3267 aliquam

125 3274 189 3334 eius
205 3282 290 3351 parte
307 3291 364 3334 uon
380 3284 477 3352 certa,
500 3275 552 3336 sed
566 3278 689 3337 maxime
705 3279 734 3335 in
750 3274 868 3336 candida
887 3292 960 3352 quae
976 3273 1064 3333 lactei
1080 3274 1132 3333 cir·

125 3354 181 3414 culi
201 3375 306 3418 nomen
326 3361 449 3437 accepit.
480 3358 660 3420 Aristoteles
677 3360 764 3420 tradit
780 3368 810 3419 et
825 3357 909 3418 simul
923 3357 1025 3436 plures
1041 3360 1132 3429 cerni,

125 3441 232 3500 nemini
248 3451 420 3519 conpertum
435 3443 536 3523 alteri,
555 3443 633 3523 quod
649 3443 784 3522 equidem
802 3444 900 3521 sciam,
916 3448 1023 3503 ventos
1040 3449 1133 3501 autem
