2400 3856
128 164 190 229 194
478 179 508 227 o.
527 179 624 227 runnu
641 180 791 229 suenum

125 334 161 395 ad
183 334 334 412 proximos
354 333 534 412 Aethiopas,
560 342 647 412 atque
670 335 718 393 ubi
746 335 849 394 iterum
873 335 964 396 sensit
985 334 1145 414 hominem,

127 418 247 496 prosilit
262 417 361 495 fonte,
378 426 410 477 nt
424 417 583 478 verisimile
600 425 662 495 cst,
679 417 730 478 illo
747 436 831 496 quem
847 417 967 496 Nigrum
983 436 1143 480 vocavere.

76 509 111 562 tta
126 501 196 562 lude
213 501 342 562 Africam
359 501 394 561 ab
411 500 570 581 Aethiopia
586 501 777 580 dispescens,
798 503 910 562 etiamsi
932 520 991 562 non
1006 503 1145 581 protinus

27 595 30 603 ’
126 586 262 666 populis,
283 586 355 646 ieris
379 593 474 647 tamen
490 594 521 646 et
541 584 637 645 beluis
658 585 797 664 frequens
816 586 1011 664 silvarumque
1029 587 1144 665 opifex,

126 671 237 731 medios
255 669 417 748 Aethiopas
435 678 518 730 secat
535 670 755 747 cognominatus
775 668 920 748 Astapus,
937 670 1015 748 qnod
1030 669 1172 731 illarums

53 776 58 785 ·
126 757 256 834 gentium
270 753 370 832 lingua
391 754 534 833 signifieat
550 771 652 833 aquam
667 773 684 813 e
700 752 831 814 tenebris
849 753 1054 833 profluentem.
1100 753 1144 814 ln·

126 839 205 900 sulas
219 841 259 898 ita
282 839 445 899 innumems
466 839 595 917 spargit,
623 836 817 916 quasdamque
841 844 897 897 tam
917 846 1017 897 vastae
1034 840 1144 917 magni-

126 924 250 999 tudinis,
272 939 441 1001 quamquam
463 921 563 1001 rapida
582 920 753 998 celeritate,
774 928 805 979 ut
821 929 917 981 tamen
932 922 1044 981 dierum
1063 924 1144 1000 quin-

126 1025 290 1086 quecursu
312 1023 370 1065 non
391 1005 529 1065 breviore
560 1002 703 1081 travolat,
731 1006 809 1064 eirca
830 1004 1020 1065 elatissimam
1045 1023 1144 1066 earum

124 1090 248 1152 Meroen
263 1088 429 1149 Astabores
445 1088 531 1149 laevo
554 1087 639 1147 alveo
656 1088 766 1164 dictus,
790 1087 848 1149 hoc
868 1097 915 1150 est
936 1106 1032 1149 ramus
1048 1106 1142 1167 aquae
1156 1103 1178 1143 10

123 1175 271 1235 venientis
293 1171 473 1249 etenebris,
506 1171 608 1232 dextra
634 1189 706 1232 vero
729 1171 910 1252 Astosapes,
938 1172 1017 1250 quod
1038 1172 1143 1233 lateris

127 1257 372 1335 significationem
388 1256 492 1332 adicit,
519 1273 575 1316 uec
596 1264 663 1317 ante
679 1254 762 1316 Nilus
785 1273 868 1334 quam
888 1275 921 1316 se
942 1265 1034 1316 totum
1059 1259 1143 1336 aquis

73 1347 110 1400 ct
126 1359 226 1402 rursus
243 1339 438 1400 concordibus
459 1341 561 1400 iunxit.
607 1341 650 1400 sic
671 1357 787 1418 quoque
805 1342 957 1401 etiamnum
974 1339 1052 1401 Giris
1076 1350 1144 1402 ante

124 1427 288 1485 nominatus
308 1442 362 1503 per
383 1423 494 1504 aliquot
508 1424 602 1500 milia,
627 1433 656 1485 et
677 1426 706 1483 in
728 1431 820 1484 totum
834 1423 962 1485 Homero
984 1423 1144 1503 Aegyptus

125 1509 249 1587 aliisque
274 1508 393 1585 Triton,
419 1506 541 1569 subinde
564 1506 667 1568 insulis
689 1509 838 1586 inpactus,
865 1508 986 1569 totidem
1002 1509 1142 1568 incitatus
1156 1521 1179 1563 a

123 1594 332 1669 inritamentis,
359 1602 509 1671 postremo
533 1590 660 1651 inclusus
677 1591 839 1670 montibus,
866 1610 920 1652 neo
942 1591 1060 1652 aliunde
1083 1600 1144 1653 tor·

126 1678 237 1737 rentlor
247 1719 257 1753 ,
274 1683 378 1736 vectus
395 1677 478 1754 aquis
494 1676 720 1754 properantibus
737 1676 771 1735 ad
787 1675 882 1736 locum
899 1675 1080 1753 Aethiopum
1096 1679 1143 1756 qui

126 1760 268 1840 Catadupi
286 1768 428 1820 vocantur
440 1760 600 1820 novissimo
615 1767 775 1820 catarracte
788 1760 864 1819 iuter
879 1760 1061 1820 occursantis
1079 1778 1144 1820 sco·

124 1845 211 1924 pulos
227 1862 285 1905 non
307 1843 398 1904 lluere
413 1845 545 1903 inmenso
567 1844 687 1922 fragore
704 1846 818 1921 quaerit
834 1843 886 1904 sed
909 1861 1009 1907 ruere.
1034 1853 1144 1922 postea

124 1929 200 1989 lenis
232 1937 263 1989 et
290 1928 447 1989 confractis
481 1928 563 2004 aquis
594 1927 758 2004 domitaque
787 1927 944 2004 violentia,
973 1927 1084 2005 aliquid
1114 1935 1177 1988 etao

125 2014 221 2091 spatio
245 2013 359 2089 lessus,
385 2011 482 2071 multis
506 2012 634 2088 quamvis
657 2011 788 2071 faucibus
811 2012 841 2070 lu
863 2010 1042 2091 Aegyptium
1064 2030 1143 2072 mare

126 2113 159 2154 se
175 2103 308 2169 evomat,
328 2097 419 2155 certis
434 2103 529 2154 tamen
551 2092 654 2153 diebus
673 2101 758 2154 auctu
774 2112 878 2172 magno
894 2113 949 2174 per
968 2103 1060 2155 totam
1078 2114 1143 2175 spa·

72 2185 106 2237 ab
125 2180 212 2237 tiatus
235 2178 402 2255 Aegyptum
424 2176 564 2236 fecundus
585 2178 695 2237 innatat
715 2184 823 2238 terrae.
860 2176 970 2240 Causas
994 2176 1087 2239 huius’
1101 2181 1144 2239 iu·

125 2261 265 2323 crementi
285 2262 382 2320 varias
399 2259 571 2340 prodidere,
589 2260 642 2320 sed
657 2261 779 2321 maxime
796 2262 965 2341 probabiles
983 2263 1144 2324 etesiarum

125 2365 161 2406 eo
181 2355 315 2427 tempore
336 2364 373 2406 ex
397 2343 521 2405 adverso
544 2343 670 2405 flantium
696 2354 901 2425 repercussum
926 2346 1000 2406 ultra
1029 2347 1058 2406 in
1088 2361 1174 2407 orans

123 2439 188 2491 aeto
219 2432 307 2508 mari,
335 2437 383 2491 aut
411 2429 518 2489 imbres
547 2428 724 2507 Aethiopiae
748 2431 877 2489 aestivos
905 2429 1008 2490 iisdem
1036 2433 1141 2492 etesiis

86 2510 89 2515 ’
122 2515 220 2575 nubila
238 2514 290 2575 illo
307 2513 470 2575 ferentibus
488 2532 505 2572 e
525 2513 640 2592 reliquo
656 2512 740 2573 orbe.
771 2512 904 2574 Timaeus
920 2512 1141 2576 mathematicus

124 2599 264 2659 occultam
283 2598 406 2678 protulit
431 2599 589 2672 rationem,
614 2595 740 2656 Phialam
757 2597 898 2677 appellari
925 2598 1034 2657 iontem
1056 2601 1132 2677 eius,

121 2683 273 2758 mergique
295 2683 324 2741 in
339 2680 487 2741 cuniculos
507 2682 601 2760 ipsum
622 2677 741 2741 amnem'
754 2698 864 2760 vapore
884 2681 1068 2742 anhelantem
1092 2684 1135 2744 iu·

122 2764 205 2824 midis
222 2764 352 2824 cautibus
368 2764 417 2824 ubi
434 2763 576 2824 conditur.
599 2781 699 2824 verum
715 2765 780 2824 sole
795 2783 849 2844 per
866 2783 918 2826 eos
935 2765 997 2826 dies
1013 2770 1158 2828 commi-ao

122 2865 176 2907 nus
198 2847 276 2908 facto
299 2848 411 2908 extrahi
434 2846 546 2907 ardoris
567 2847 596 2906 vi
620 2856 649 2908 et
670 2866 842 2929 suspensum
864 2849 1011 2911 abundare
1039 2868 1073 2911 ao
1100 2870 1137 2912 ne

70 2937 106 2991 bd
123 2931 281 2993 devoretur
302 2931 451 2992 abscondi.
484 2930 514 2990 id
542 2932 661 2993 evenire
682 2951 698 2992 a
721 2934 799 2993 oanis
820 2941 886 2993 ortu
906 2952 960 3013 per
980 2935 1135 2996 introitum

123 3015 196 3077 solis
214 3019 243 3075 in
263 3016 396 3094 leonem,
419 3024 520 3075 eontra
541 3017 778 3097 perpendiculum
799 3015 889 3077 fontis
911 3017 1010 3080 sidere
1027 3027 1137 3097 stante,

123 3119 185 3160 oum
209 3102 239 3161 in
259 3119 296 3162 eo
315 3108 406 3162 tractu
431 3100 615 3162 absumantur
637 3100 771 3179 umbrae,
799 3099 949 3180 plerisque
973 3102 1135 3163 ediverso

45 3223 48 3232 ·
123 3187 249 3264 opinatis
269 3185 427 3264 largiorem
447 3185 538 3246 iluere
564 3184 600 3245 ad
620 3186 838 3264 septentriones
857 3185 921 3245 sole
946 3184 1132 3264 discedente,
1147 3202 1173 3243 aa

20 3264 24 3271 '
123 3270 200 3347 quod
214 3272 244 3330 in
259 3288 364 3331 canoro
382 3279 412 3331 et
425 3270 512 3333 leone
531 3270 647 3345 evenit,
665 3269 792 3348 ideoque
813 3278 880 3329 tunc
902 3270 994 3330 minus
1018 3271 1136 3347 siccari,

47 3364 50 3371 '
124 3370 224 3413 rursus
242 3357 271 3414 in
286 3357 486 3435 capricornum
501 3363 531 3414 et
545 3353 703 3414 austrinum
717 3353 815 3431 polum
830 3371 953 3414 reverso
969 3354 1088 3415 sorberi
1107 3364 1138 3415 et

122 3435 162 3497 ob
179 3436 207 3496 id
223 3440 336 3517 parcius
353 3438 454 3501 lluere.
493 3437 545 3498 sed
560 3436 678 3496 Timaeo
700 3439 724 3497 si
745 3439 808 3516 quis
825 3437 937 3498 extrahi
963 3454 1056 3517 posse
1074 3456 1139 3499 ere·
