2400 3856
144 188 207 250 228
492 200 523 250 c.
547 202 640 248 rurm
664 200 813 247 saeuum

106 376 128 410 ³³
149 358 283 418 adiacens
307 376 407 417 verum
434 366 464 417 et
488 356 648 417 meridiano
677 356 754 433 quod
780 356 907 415 Indicum
935 357 1158 435 appellavimus,

146 461 221 519 quae
243 461 311 520 pars
334 443 441 501 orienti
462 450 509 500 est
530 442 652 501 adversa
674 450 757 499 recto
779 441 979 517 praetenditur
994 444 1101 518 ¹spatio
1125 442 1158 502 ad

147 526 252 586 llexum
274 535 304 585 et
325 527 408 584 initi0
424 525 515 584 Indici
537 527 624 584 maris
645 527 748 607 liful!
770 522 877 582 LXXV
898 524 927 583 lu
946 543 1085 603 passuum
1099 527 1159 585 col·

146 611 218 688 ligit.
249 610 352 669 deinde
371 628 386 668 a
403 608 480 668 tlexu
498 612 527 669 iu
546 609 696 669 meridiem
712 611 825 691 [ῑζῐςῖιη
844 607 950 667 LXXV
965 607 994 667 Ill
1015 626 1107 686 pass,
1130 620 1160 669 ut

145 693 358 754 Eratosthenes
381 695 484 768 tradit,
509 712 600 771 usque
624 694 658 753 ad
676 693 774 751 Indum
797 712 908 753 amnem
925 695 971 771 qui
993 701 1041 752 est
1058 693 1095 751 ab
1112 706 1187 753 oct

93 784 125 834 57
146 781 261 838 oidente
283 778 347 836 linis
369 777 475 836 Indiae.
509 775 673 856 Conplures
695 786 790 836 autem
807 786 894 837 totam
915 779 1007 854 ipsius
1031 776 1159 853 longitu-

145 864 239 922 dinem
254 860 304 920 XL
322 861 432 921 dIerum
453 864 637 938 noctiumque
653 861 771 921 velifico
791 863 903 920 navium
919 879 1004 920 cursu
1021 860 1158 920 determi-

145 966 269 1018 navere,
286 955 316 1005 et
331 964 347 1005 a
364 948 567 1023 septentrione
584 945 617 1003 ad
628 946 777 1005 meridiem
791 948 918 1028 Ιῑὶῖιιη
933 943 995 1003 LII
1008 962 1156 1022 passuum.

144 1031 276 1108 Agrippa
303 1029 492 1105 longitudinis
527 1026 670 1112 lffiffila
698 1029 856 1089 latitudinis
890 1025 989 1111 lx'llffll
1020 1030 1157 1106 prodidit.

144 1115 316 1174 Posidonius
334 1113 370 1171 ab
395 1115 508 1170 aestivo
533 1111 605 1170 solis
626 1122 691 1171 ortu
714 1114 749 1172 ad
770 1114 920 1173 hibernum
945 1122 1081 1172 exortum
1098 1133 1155 1173 me·
1168 1128 1190 1167 ro

144 1206 220 1256 tatus
236 1205 281 1255 est
298 1214 371 1271 eam,
387 1194 536 1255 adversam
553 1195 672 1255 Galliam
689 1206 832 1272 statuens,
850 1215 932 1276 quam
948 1197 984 1255 ab
1002 1197 1156 1257 occidente

144 1283 258 1339 aestivo
278 1279 312 1338 ad
332 1279 514 1338 occidentem
531 1280 681 1340 hibernum
696 1281 869 1349 metabatur,
887 1289 1006 1339 totama
1025 1280 1154 1341 favonio.

144 1367 241 1442 itaque
255 1364 407 1424 adversam
420 1365 483 1423 eius
501 1367 579 1424 venti
598 1364 703 1423 adllatu
722 1367 812 1424 iuvari
824 1364 931 1424 ludium
949 1365 1155 1443 salubremque

92 1454 127 1506 58
144 1450 206 1509 lieri
228 1449 295 1508 baut
318 1449 403 1508 dubia
427 1452 540 1508 ratione
571 1450 679 1508 docuit.
719 1449 786 1509 Alia
806 1449 848 1508 illi
874 1448 947 1509 caeli
970 1449 1079 1526 iacies,
1107 1450 1155 1508 alii

144 1534 268 1594 siderum
286 1541 404 1609 ortuus,
420 1532 508 1593 binae
523 1541 652 1592 aestates
668 1535 697 1591 iu
714 1551 806 1609 auno,
829 1534 915 1592 binae
931 1551 1046 1592 messes
1062 1534 1156 1593 media
1167 1549 1188 1587 u

142 1621 221 1677 iuter
241 1616 306 1675 illas
327 1617 423 1676 hieme
444 1619 601 1677 etesiarum
623 1616 704 1691 llatu,
733 1627 831 1677 nostra
852 1635 924 1677 vero
944 1617 1043 1675 bruma
1072 1616 1154 1677 leues

143 1703 182 1760 ibi
198 1719 302 1776 aurae,
319 1719 397 1760 mare
414 1701 588 1778 navigabile.
625 1711 731 1777 gentes
753 1703 780 1760 ei
803 1701 952 1778 urbesque
974 1702 1153 1777 innmnerae,

144 1788 167 1844 si
187 1787 251 1862 quis
268 1802 367 1843 omnes
383 1788 521 1862 persequi
537 1785 617 1846 velit.
649 1787 755 1845 etenim
768 1786 912 1864 patelacta
930 1793 977 1844 est
992 1801 1052 1843 non
1067 1786 1152 1845 modo

143 1868 302 1928 Alexandri
318 1867 414 1945 llagni
432 1871 517 1927 armis
539 1888 697 1946 regumque
714 1871 761 1947 qui
778 1887 950 1928 successere
965 1870 1009 1942 ei,
1031 1871 1153 1928 clrcum-

142 1956 236 2012 vectis
253 1955 338 2012 etiam
361 1956 389 2011 in
404 1951 576 2028 Hyrcanium
598 1971 675 2012 mare
694 1961 724 2012 et
747 1951 882 2030 Caspium
897 1952 1023 2012 Seleuco
1046 1960 1077 2012 et
1096 1953 1185 2013 Au-ao

142 2037 242 2095 tiocho
262 2038 480 2114 ¹praefectoque
502 2037 604 2095 classis
625 2055 724 2096 eorum
742 2036 895 2109 Patrocle,
915 2055 1015 2096 verum
1034 2045 1066 2096 et
1088 2038 1151 2096 aliis

142 2120 309 2178 auctoribus
330 2119 467 2193 Graecis,
493 2123 541 2196 qui
567 2139 629 2177 oum
654 2120 774 2196 regibus
798 2120 904 2179 Indicis
927 2122 1050 2196 morati,
1077 2123 1152 2181 sicut

143 2202 351 2279 Megasthenes
369 2213 399 2262 et
414 2202 573 2276 Dionysius
589 2202 807 2281 aPhiladelpho
820 2207 943 2279 missus,
959 2222 998 2262 ex
1014 2222 1050 2263 ea
1066 2222 1151 2264 causa

91 2294 126 2343 ott
144 2288 223 2346 vires
239 2304 357 2365 quoque
373 2289 500 2364 gentium
514 2286 679 2365 prodidere.
713 2285 780 2346 Nou
796 2294 895 2347 tamen
916 2296 962 2347 est
978 2287 1150 2364 diligentiae

142 2371 243 2444 locus,
277 2371 351 2430 adeo
384 2371 499 2430 diversa
525 2379 555 2430 et
578 2372 761 2431 incredibilia
788 2372 944 2431 traduntur.
990 2371 1183 2432 Alexandria

141 2455 238 2531 Idagni
255 2457 377 2519 comites
393 2459 421 2513 in
440 2473 477 2514 eo
493 2464 584 2514 tractu
599 2455 698 2515 Indiae
714 2473 799 2531 quem
814 2458 839 2513 is
855 2456 1008 2532 subegerit
1023 2459 1168 2534 scripse'

141 2547 206 2597 runt
221 2538 248 2596 V
263 2539 339 2597 mitia
358 2539 530 2617 oppidorum
550 2539 659 2614 luisse,
682 2539 788 2597 nullum
810 2538 873 2598 οοο
889 2541 998 2613 miuus,
1020 2542 1150 2615 gentium

90 2622 95 2627 ’
140 2621 239 2693 VIlll,
265 2623 431 2699 Indiamque
465 2624 578 2681 tertiam
606 2631 716 2700 partem
748 2642 815 2682 esse
846 2619 988 2682 terrarum
1013 2627 1150 2699 emulum,

140 2705 349 2764 multitudinem
365 2705 537 2783 populorum
558 2708 750 2782 innumeram,
772 2706 918 2784 probabili
934 2724 1005 2766 sane
1025 2709 1148 2767 ratione.

140 2788 201 2848 ludi
229 2789 304 2846 enim
332 2791 460 2865 gentium
488 2807 581 2867 prope
604 2790 659 2848 suli
683 2808 831 2868 numquam
855 2792 1018 2868 migravere
1044 2791 1180 2851 linibustu

140 2874 210 2934 suis.
246 2871 422 2950 coIlIguntur
452 2872 594 2933 aLibero
618 2874 703 2933 Patre
728 2874 760 2932 ad
788 2874 986 2933 Alexandrum
1014 2872 1149 2951 Magnum

140 2976 228 3033 reges
245 2974 345 3016 eorum
363 2955 466 3031 CLIII,
488 2960 568 3016 annis
586 2957 626 3016 VI
643 2958 700 3016 mil.
721 2956 857 3017 ccccm
878 2958 1003 3016 adiciunt
1015 2966 1050 3016 et
1072 2977 1148 3018 meu·

89 3050 123 3100 60
139 3060 188 3100 ses
203 3041 253 3101 III.
294 3042 425 3100 Amnium
446 3043 517 3101 mIra
538 3044 665 3100 vastitas.
698 3042 830 3118 proditur
850 3041 1046 3101 Alexandrum
1068 3042 1147 3102 nullo

138 3125 185 3184 die
208 3128 300 3183 minus
324 3126 414 3184 stadia
435 3123 486 3184 Dc
512 3129 665 3201 navigasse
693 3128 721 3184 iu
743 3125 814 3185 Indo
841 3144 896 3185 nec
917 3127 1052 3203 potuisse
1081 3134 1147 3185 aute

138 3227 254 3267 menses
270 3208 298 3265 V
317 3211 473 3286 enavigare
495 3209 616 3268 adiectis
637 3212 736 3286 paucis
751 3208 870 3284 diebus,
894 3217 924 3267 et
944 3218 1039 3268 tamen
1058 3213 1179 3269 mino-u

129 3298 199 3351 ‘rem
216 3292 315 3369 Gange
337 3312 405 3352 esse
425 3301 549 3351 constat.
589 3291 701 3351 Seneca
727 3295 812 3351 etiam
834 3293 908 3368 apud
931 3309 985 3351 nos
1007 3301 1147 3371 temptata

137 3375 236 3434 Indiae
249 3378 491 3435 commentatione
504 3374 554 3433 LX
566 3393 664 3434 amnes
677 3379 740 3435 eius
752 3376 890 3453 prodidit,
899 3384 1005 3452 gentes
1014 3374 1145 3439 CXVIII.

140 3458 192 3517 l'ar
209 3458 291 3518 labos
309 3463 347 3519 sit
363 3468 477 3519 montes
493 3477 671 3518 enumerare.
707 3462 864 3536 iunguntur
879 3462 955 3519 inter
970 3478 1004 3519 se
1019 3460 1147 3540 Imavos,
