2400 3856
182 210 185 215 ,
283 176 365 222 mnu.
387 174 478 222 rursu.
501 174 566 221 1111.
590 167 675 223 7-8,
702 157 839 239 (tl—15.)
1011 156 1069 220 161

58 332 136 390 sinus
155 330 190 389 ab
210 329 313 390 incolis
336 329 449 405 dictus,
476 329 580 406 inquo
603 327 711 406 oppida
732 326 899 404 Halcyone,
927 326 1070 403 Aeconia,

56 414 185 473 Phalara.

121 495 204 575 (13.)
228 496 316 556 Doris
338 495 460 571 deinde,
486 497 515 554 in
539 513 594 572 qua
613 494 773 574 Sparthos,
794 493 942 570 Erineon,
964 494 1069 561 Boion,
1088 501 1123 554 ‘28

57 581 181 656 Pindus,
199 579 342 656 Cytinum.
376 579 494 639 Doridis
513 597 529 638 a
546 586 631 655 tergo
648 596 730 638 mons
747 577 819 637 Oeta
835 588 889 638 est.

27 679 40 719 e
122 662 205 742 (14.)
221 665 360 742 Sequitur
370 665 486 722 mutatis
504 680 594 740 saepe
609 663 772 722 nominibus
783 661 953 738 Haemonia,
970 661 1071 721 eadem

57 748 191 825 Pelasgis
218 756 248 807 et
272 745 581 824 Pelasgiconhrgos,
606 746 724 822 Hellas,
748 746 849 806 eadem
867 744 1018 805 Thessalia
1041 754 1071 804 et

57 831 205 909 Dryopis,
225 849 342 909 semper
357 848 373 890 a
389 831 509 908 regibus
524 832 734 906 cognominata.
758 830 798 888 ibi
814 832 932 906 genitus
951 848 1006 889 rex
1020 848 1071 888 no·

57 918 134 975 mine
154 914 281 975 Graecus
297 933 312 974 a
328 932 386 994 quo
403 913 535 990 Graecia,
551 914 592 973 ibi
606 913 744 973 Hellana
762 931 818 991 quo
834 913 985 974 Hellenes.
1009 912 1069 973 Hos

60 998 180 1059 eosdem
196 997 339 1058 Homerus
357 997 450 1058 tribus
475 999 639 1058 nominibus
655 998 814 1075 appellavit
829 997 1024 1073 Myrmidonas
1041 1006 1070 1056 et

20 1083 196 1143 roHellenas
222 1091 252 1142 et
268 1083 415 1142 Achaeos.
452 1081 499 1141 Ex
521 1081 565 1142 his
590 1081 943 1142 Phthiotae'nominantur
960 1081 1071 1141 Dorida

58 1168 240 1229 adcolentes.
270 1185 371 1227 eorum
382 1165 501 1245 'oppida
516 1165 661 1242 Echinus,
678 1169 707 1225 in
722 1165 852 1227 lancibus
869 1163 1002 1242 Sperchii
1020 1165 1069 1224 llu-

57 1254 141 1310 minis
167 1250 426 1328 Thermopylarum
445 1253 614 1327 angustiae,
633 1268 691 1327 quo
707 1258 877 1327 argumento
892 1248 947 1309 llll
962 1248 991 1308 H
1006 1266 1070 1326 pas·
1174 1313 1177 1319 ,

59 1352 140 1395 suum
155 1334 221 1392 inde
236 1333 379 1392 Heraclea
396 1333 522 1393 Trechin
538 1334 614 1392 dicta
630 1342 683 1393 est.
709 1351 792 1393 mons
808 1334 849 1392 ibi
867 1332 1070 1410 Callidromus,

20 1517 46 1557 15
61 1416 485 1578 ορρέἃ(οΙθὸΙθ)ὴΓΙῗᾶΤΗὴὲΙειέαἳιὶἓ
497 1416 605 1560 Ialuhltoehh
619 1416 1071 1575 Gdchhlmehhhhhhllinyhhheantea
1088 1514 1122 1566 ab

60 1587 153 1645 dictus
170 1592 200 1644 et
215 1584 352 1663 oppidum
370 1584 506 1659 Alimon,
521 1585 556 1644 ab
573 1584 637 1643 aliis
652 1583 787 1661 Holmon,
805 1584 910 1659 Atrax,
927 1582 1071 1661 Palamna,

59 1671 125 1730 lons
142 1668 281 1747 Hyperia,
300 1668 407 1747 oppida
424 1667 554 1744 Pherae,
572 1686 691 1746 quarum
708 1687 724 1728 a
745 1677 830 1744 tergo
846 1666 942 1727 Pieria
961 1667 996 1726 ad
1013 1666 1071 1728 bla-

60 1752 212 1813 cedoniam
235 1751 436 1829 protenditur,
454 1750 571 1828 larisa,
593 1750 733 1830 Gomphi,
757 1750 877 1812 Thebae
900 1750 1071 1829 Thessalae,

60 1854 161 1896 nemus
187 1834 327 1911 Pteleon,
363 1837 440 1894 sinus
466 1835 641 1912 Pagasicus,
670 1835 807 1914 oppidum
837 1832 963 1913 Pagasa,
996 1836 1072 1896 idem

21 1935 46 1974 ao
61 1929 166 1998 postea
180 1918 345 1979 Demetrias
362 1919 478 1995 dictum,
494 1918 608 1994 Tricca,
623 1918 753 1994 Pharsali
769 1920 861 1996 campi
874 1938 938 1979 cum
953 1921 1072 1980 civitate

61 2005 165 2079 libera,
182 2000 328 2080 Crannon,
348 2002 442 2063 lletia.
465 2003 581 2065 Montes
596 2001 770 2065 Phthiotidis
785 2003 970 2082 Nymphaeus
983 2021 1072 2081 quon·

61 2089 271 2166 damtopiario
291 2095 410 2147 naturae
434 2105 527 2166 opere
546 2089 735 2167 spectabilis,
760 2088 950 2166 Buzygaeus,
977 2087 1071 2147 Dona·

60 2191 178 2248 coesse,
193 2171 374 2247 Bromiaeus,
384 2170 531 2250 Daphusa,
547 2171 733 2250 Chimarone,
747 2171 898 2249 Athamas,
913 2172 1071 2249 Stephane.

61 2259 89 2315 in
105 2254 256 2316 Thessalia
271 2252 420 2332 XXXHH,
437 2274 559 2334 quornm
579 2257 753 2317 nobilissimi
772 2255 916 2332 Cercetii,
933 2256 1071 2334 Olympus
1090 2268 1125 2322 30

22 2357 47 2396 as
62 2340 187 2415 Pierius,
203 2337 289 2414 Ossa,
304 2341 386 2398 cuius
405 2357 443 2398 ex
458 2340 584 2399 adverso
599 2339 705 2400 Pindus
722 2348 753 2400 et
764 2339 873 2416 Othrys
889 2338 1073 2417 Lapitharum

62 2422 161 2497 sedes,
186 2420 216 2479 hi
238 2421 273 2479 ad
296 2437 429 2480 occasum
447 2431 627 2498 vergentes,
649 2423 684 2482 ad
707 2431 808 2482 ortuns
831 2422 947 2499 Pelius,
972 2440 1072 2483 omnes

62 2505 196 2566 theatrali
211 2503 298 2562 modo
313 2503 425 2578 inflexi,
441 2506 569 2565 caveatis
586 2513 653 2566 ante
670 2523 723 2565 eos
735 2504 841 2565 LXXV
854 2505 983 2565 urbibus.
1007 2506 1073 2565 Flu·

61 2593 135 2649 mina
157 2585 328 2648 Thessaliae
346 2586 512 2666 Apidanus,
534 2589 683 2666 Phoenix,
710 2588 858 2668 Enipeus,
885 2587 1072 2667 Onochonos,

61 2674 227 2734 Pammisus.
251 2670 317 2731 lons
333 2669 469 2733 Messeis.
494 2673 573 2734 lacus
589 2673 728 2734 boebeis.
751 2681 781 2733 et
797 2680 864 2733 ante
880 2683 999 2734 cunctos
1015 2673 1072 2735 cla·
1112 2696 1115 2703 ’

23 2776 48 2814 so
63 2761 85 2816 ri
91 2766 149 2817 tate
164 2756 271 2817 Penius
290 2763 371 2815 ortus
394 2759 473 2816 iuxta
489 2756 637 2836 Gomphos
660 2758 795 2836 interque
809 2756 912 2817 Ossam
931 2767 962 2818 et
977 2756 1073 2834 Olym-

62 2860 128 2920 pum
143 2857 299 2900 nemorosa
314 2840 448 2901 convalle
464 2841 595 2901 delluens
613 2841 638 2901 D
655 2842 767 2917 stadiis,
784 2841 901 2902 dimidio
918 2844 981 2902 eius
997 2845 1072 2920 spati

62 2924 243 3002 navigabilis.
278 2926 307 2984 in
332 2942 368 2985 eo
389 2942 476 2985 cursu
495 2924 606 3003 Tempe
627 2934 734 2986 vocant
753 2922 781 2984 V
802 2925 909 2985 milium
937 2944 1074 3003 passuum
1090 2935 1140 2988 et'

63 3008 243 3086 longitudine
266 3016 295 3069 et
315 3008 408 3070 lenna
431 3010 627 3087 sesquiiugeri
650 3009 800 3070 latitudine
819 3008 894 3069 ultra
912 3011 1004 3068 visum
1022 3007 1073 3068 ho-

62 3095 144 3153 minis
161 3091 364 3153 attollentibus
381 3112 414 3154 se
431 3093 533 3153 dextra
549 3093 690 3171 laevaque
706 3093 814 3154 leniter
829 3094 971 3153 convexis
987 3095 1071 3170 iugis.

23 3196 48 3234 es
63 3181 138 3237 intus
163 3194 214 3236 sua
238 3176 302 3237 luce
324 3176 466 3238 viridante
489 3177 670 3238 haolabitor
688 3177 795 3238 Penius
823 3176 923 3237 viridis
948 3176 1073 3254 calculo,

62 3277 200 3321 amoenus
218 3263 294 3322 circa
313 3261 392 3340 ripas
410 3263 557 3340 gramine,
580 3278 704 3322 canorus
723 3263 817 3322 avium
839 3270 993 3322 concentu.
1027 3279 1072 3321 ac-

62 3346 133 3423 cipit
149 3362 259 3404 amnem
276 3344 410 3424 Horcon,
426 3365 482 3407 nec
496 3348 618 3426 recipit,
639 3346 693 3407 sed
708 3346 767 3406 olei
783 3345 869 3406 modo
885 3354 1073 3426 supernatan-

63 3437 137 3504 tem,
156 3438 186 3487 ut
208 3427 310 3488 dictum
334 3439 379 3489 est
399 3429 546 3510 Homero,
571 3430 656 3493 brevi
677 3432 773 3512 spatio
794 3437 938 3508 portatum
959 3429 1074 3490 abdicat

112 3545 209 3583 eninr
227 3546 290 3582 ner.
308 3547 383 3584 arse.
401 3534 423 3584 Ι.
832 3513 868 3575 ll
