2400 3856
383 203 463 248 uas.
479 202 569 250 rursu.
588 202 634 247 ur.
652 195 693 246 aa.
713 188 863 266 (aa-ao.)
1066 180 1127 246 237

117 359 230 418 insulae
249 358 303 417 llll
319 360 373 417 iam
391 360 419 416 in
441 359 505 416 sinu
523 364 590 416 ante
607 356 733 417 Persida.
768 357 845 416 circa
863 354 914 414 has
930 353 1011 430 hydri
1027 354 1127 412 marini

120 445 251 502 vicenum
266 443 429 501 cubitorum
441 441 609 501 adnatantes
623 450 757 500 terruere
772 440 904 500 classem.
930 437 1023 498 insula
1035 436 1128 496 Atho·
1145 448 1181 501 00

119 527 236 601 tadrus,
259 527 328 585 item
352 525 513 600 Gauratae,
539 526 568 582 in
589 525 692 602 quibus
713 522 804 598 Gyani
829 543 911 601 gens.
944 522 1050 582 llumen
1072 519 1129 595 Hy·

118 611 241 690 peris-in
253 610 349 669 medio
364 610 426 668 sinu
434 608 568 679 Persico,
581 610 777 667 onerariarum
788 610 900 667 uarium
909 624 1012 684 capax,
1024 605 1129 665 llum'en

90 694 305 770 tSitioganus,
332 711 389 771 quo
417 690 594 769 Pasargadas
616 692 739 770 septimo
764 690 811 751 die
831 686 999 767 navigatur,
1025 689 1131 747 llumerr

119 776 286 853 navigabile
307 777 503 852 Phrystimus,
530 774 622 833 insula
648 777 711 834 sine
735 777 861 834 nornine.
900 773 1005 832 humen
1028 770 1129 832 Grauis

118 861 294 920 modicarum
314 862 427 920 navium
446 878 501 937 per
521 858 663 918 Susianen
685 857 764 932 fluit,
790 858 895 917 dextra
917 858 979 917 eius
998 856 1131 916 accolunt

118 944 324 1004 Deximoutani
339 945 386 1021 qui
402 942 530 1003 bitumen
546 943 711 1020 perliciunt.
739 941 844 1000 dumea
856 941 970 1001 Zarotis
986 942 1063 1000 ostio
1079 939 1132 999 dil·

119 1029 186 1089 licili
211 1031 265 1087 nisi
289 1029 409 1106 peritis,
435 1026 546 1087 insulae
566 1027 593 1085 ll
616 1044 733 1104 parvae.
763 1025 831 1085 inde
854 1024 962 1084 vadosa
985 1024 1131 1100 navigatio

81 1124 106 1164 10
122 1112 240 1190 palustri
257 1113 358 1171 similis
371 1130 425 1191 per
440 1113 559 1189 euripos
574 1119 670 1170 tamen
683 1110 821 1188 quosdam
833 1111 993 1187 peragitur.
1026 1109 1132 1167 ostium

120 1196 286 1274 Euphratis.
317 1196 399 1255 lacus
420 1212 506 1272 quem
526 1196 633 1254 faciunt
648 1192 775 1254 Eulaeus
796 1202 825 1253 et
841 1192 938 1271 Tigris
952 1190 1032 1252 iuxta
1049 1189 1122 1251 Cha·
1133 1204 1185 1257 100

120 1298 225 1339 racem.
252 1280 319 1340 inde
334 1278 415 1354 Tigri
429 1278 510 1338 Susa.
540 1278 647 1337 Festos
658 1278 721 1338 dles
733 1279 773 1337 ibi
788 1287 923 1354 agentem
935 1276 1133 1336 Alexandrum

121 1366 295 1423 invenerunt
312 1365 437 1440 septimo
453 1380 572 1436 mense,
588 1368 741 1439 postquam
758 1362 909 1434 digressos
930 1361 965 1421 ab
985 1362 1022 1420 iis
1037 1362 1133 1420 luerat

121 1447 245 1523 Patalis,
270 1447 359 1506 tertio
375 1447 579 1522 navigationis.
620 1444 669 1504 Sic
684 1445 842 1504 Alexandri
858 1444 961 1504 classis
977 1446 1132 1520 navigavit.

82 1546 107 1584 1⁵
123 1538 225 1610 postea
244 1530 279 1589 ab
297 1530 410 1607 Syagro
423 1529 550 1589 Arabiae
567 1531 765 1607 promunturio
781 1527 899 1587 Patalen
914 1528 1031 1587 favonio
1048 1545 1134 1603 quem

122 1614 268 1692 hippalum
283 1614 324 1674 ibi
341 1621 456 1690 vocant,
472 1615 533 1690 peti
549 1614 741 1672 certissimum
757 1612 912 1671 videbatur
926 1613 1004 1694 lx—ll'l‘y
1021 1608 1133 1670 XXXll

119 1698 149 1758 Μ
171 1716 306 1775 passuum
329 1699 539 1757 aestimatione.
580 1696 685 1756 Secuta
710 1704 790 1755 aetas
815 1695 985 1773 propiorem
1008 1703 1183 1756 cursumIOl

122 1784 318 1859 tutioremque
331 1783 484 1859 iudicavit,
498 1783 522 1841 si
536 1782 572 1840 ab
586 1780 690 1839 eodem
706 1781 904 1857 promunturio
916 1778 1050 1856 Sigerum
1066 1794 1133 1856 por-

122 1875 179 1925 tum
204 1864 304 1924 lndiae
327 1873 453 1942 peteret.
488 1865 594 1942 diuque
615 1865 656 1923 ita
679 1866 841 1939 navigatum
865 1871 928 1938 est,
950 1863 1045 1923 donec
1066 1878 1133 1920 con·

83 1963 110 2002 ²0
124 1950 229 2027 pendia
243 1951 355 2008 invenit
369 1957 534 2025 mereator,
552 1948 691 2025 lucroque
709 1946 788 2006 ludia
810 1946 923 2006 admota
939 1954 995 2005 est.
1025 1947 1134 2023 quippe

125 2034 258 2093 omuibus
282 2034 362 2092 aunis
386 2034 538 2110 navigatur
559 2033 774 2108 sagittariorum
796 2031 967 2090 cohortibus
987 2030 1132 2108 inpositis.

123 2119 232 2178 etenim
246 2119 361 2196 piratae
377 2119 499 2176 maxime
516 2117 700 2176 infestabant.
736 2115 800 2175 Nec
821 2116 935 2194 pigebit
956 2121 1047 2174 totum
1071 2130 1135 2172 cur·

124 2219 185 2261 sum
207 2201 243 2260 ab
266 2202 405 2280 Aegypto
428 2218 579 2279 exponere
601 2218 676 2259 nunc
699 2201 820 2278 primurn
841 2208 921 2258 certa
937 2199 1039 2258 notitia
1054 2206 1134 2276 pate·

125 2291 235 2343 scente.
269 2285 437 2360 dignares,
458 2284 537 2343 nullo
559 2301 634 2342 anno
650 2286 742 2343 minus
761 2282 808 2341 HS
824 2284 885 2366 ‘ybsy
905 2283 1019 2361 imperii
1040 2283 1135 2341 nostri

85 2379 112 2419 2⁵
127 2365 318 2427 exhauriente
339 2366 419 2425 ludia
442 2375 471 2425 et
487 2385 601 2425 merces
626 2360 793 2425 remittente
807 2384 879 2443 quae
895 2365 968 2442 apud
990 2382 1044 2424 nos
1068 2382 1136 2423 cen-

126 2448 266 2528 tuplicato
283 2458 418 2508 veneant.
447 2448 512 2507 Duo
532 2449 610 2508 milia
630 2466 763 2526 passuum
784 2449 820 2507 ab
839 2448 1017 2509 Alexandria
1039 2447 1124 2507 abest
1138 2457 1187 2509 loa

125 2533 262 2612 oppidum
284 2533 446 2610 Iuliopolis.
488 2533 555 2592 inde
582 2534 718 2608 navigant
738 2530 805 2591 Nilo
830 2529 954 2610 coptum
976 2528 1136 2591 cccviill

124 2617 182 2678 mil.
200 2635 351 2695 passuum,
370 2618 418 2695 qui
435 2634 535 2676 cursus
553 2618 656 2676 etesiis
673 2615 807 2675 flantibus
829 2617 981 2692 peragitur
1003 2613 1059 2675 Xll
1077 2615 1137 2674 die·

126 2702 189 2764 bus.
227 2719 243 2759 a
266 2699 362 2779 Copto
387 2699 505 2760 camelis
529 2703 586 2760 itur
603 2701 786 2779 aquationum
807 2700 923 2760 ratione
940 2697 1137 2759 mansionibus

89 2797 115 2838 ao
128 2785 289 2863 dispositis.
320 2786 410 2861 prima
426 2783 591 2862 appellatur
605 2783 768 2859 Hydreuma
783 2781 865 2843 XXll
876 2783 948 2859 mil,
967 2781 1092 2843 secrmda
1107 2783 1138 2840 in

127 2877 224 2929 monte
241 2868 298 2928 diei
314 2869 438 2943 itinere,
455 2870 543 2929 tertia
559 2869 588 2927 iu
600 2867 695 2928 altero
706 2865 899 2943 Hydreumate
915 2886 931 2927 a
945 2864 1040 2945 Copto
1056 2862 1137 2924 XCV

126 2951 198 3023 mil,
215 2951 320 3012 deinde
337 2955 364 3010 in
380 2959 488 3011 moute.
527 2968 597 3011 mox
612 2952 646 3011 ad
664 2950 827 3027 Hydreuma
843 2951 991 3029 Apollinis
1008 2967 1025 3010 a
1040 2946 1136 3026 Copto

126 3032 316 3095 CLXXXllll
331 3035 389 3096 mil.
406 3053 495 3113 pass,
510 3055 611 3095 rursus
626 3036 656 3094 in
673 3045 778 3095 monte.
813 3052 883 3094 mox
898 3035 932 3094 ad
948 3050 1053 3093 novum
1068 3031 1125 3108 lly-
1140 3040 1189 3094 103

128 3120 244 3178 dreuma
266 3137 282 3178 a
305 3116 402 3196 copto
419 3117 553 3180 CCXXX
573 3119 631 3178 mil.
652 3137 730 3198 pass.
762 3126 809 3178 est
829 3126 860 3178 et
880 3117 956 3178 aliud
974 3116 1138 3193 Hydreuma

88 3219 114 3257 aa
130 3211 229 3278 vetus,
259 3201 488 3280 Trogodytioom
516 3204 693 3283 nominatur,
719 3201 767 3261 ubi
796 3201 972 3279 praesidium
1000 3200 1137 3276 excubat,

128 3287 308 3347 deverticulo
323 3287 406 3346 duum
422 3286 538 3346 milium.
571 3287 689 3346 distata
705 3304 782 3345 novo
798 3283 992 3362 Hydreumate
1008 3283 1062 3346 Vll
1077 3283 1137 3345 mil.

128 3388 273 3448 passuum.
311 3369 377 3428 iude
398 3369 542 3432 Berenice
565 3369 717 3448 oppidum,
740 3370 787 3428 ubi
812 3378 914 3447 portus
929 3368 1020 3429 Rubri
1039 3370 1137 3444 maris,

128 3472 144 3513 a
166 3451 262 3534 Copto
283 3449 413 3514 CGthl
431 3452 461 3514 tl
480 3472 624 3534 pessumo.
661 3453 713 3513 sed
737 3454 803 3531 quia
820 3455 910 3514 maior
931 3470 998 3532 pars
1024 3452 1137 3513 itineris
