2400 3856
345 194 424 240 nar.
441 195 532 242 insu.
548 195 585 240 11.
611 187 727 240 18-23.
753 180 892 262 (ro-21.)
1090 185 1130 246 81

112 347 211 408 decim
227 349 309 425 signa
325 347 515 426 triplicatum,
540 349 568 407 ln
584 366 639 426 qua
661 350 806 408 sententia
822 358 851 409 et
870 348 967 410 Gallus
983 350 1129 428 Sulpicius

112 432 170 491 fult
188 439 298 491 noster.

180 512 233 575 22.
251 512 335 595 (20.)
352 515 409 576 Sed
425 515 606 593 Pythagoras
623 515 765 576 interdum
781 535 819 575 ex
833 519 939 576 musica
953 519 1066 576 ratione
1082 530 1173 595 ιιι-84

113 599 209 679 pellat
227 607 324 658 tonum
340 609 475 678 quantum
491 601 567 658 absit
584 618 600 659 a
619 608 696 659 terra
711 600 788 676 luna,
808 601 843 660 ab
861 619 895 660 ea
908 601 942 660 ad
956 600 1130 660 Mercurium

91 682 263 752 sdimidium
281 686 343 743 eius
357 686 449 762 spati,
471 692 500 742 et
517 684 552 743 ab
566 701 603 743 eo
620 684 655 742 ad
667 682 815 742 Venerem
833 683 897 744 lere
915 683 1096 760 tantundem,
1115 702 1131 744 a

115 785 173 847 qua
196 766 233 826 ad
254 767 348 827 solem
370 767 552 846 sescuplum,
574 786 590 826 a
614 767 678 827 sole
701 767 735 826 ad
757 767 878 833 Martem
900 776 1014 842 tonum,
1036 767 1131 827 idest

115 859 252 929 quantum
270 851 305 910 ad
323 851 418 911 lunam
436 869 452 911 a
470 860 559 928 terra,
583 851 618 910 ab
644 870 680 911 eo
696 851 731 909 ad
746 851 847 910 lovem
867 850 1027 925 dimidium,
1050 859 1079 908 et
1094 850 1129 909 ab

116 953 156 994 eo
171 934 207 993 ad
222 933 373 994 Saturnum
393 934 554 1011 dimidium,
575 944 604 995 et
621 934 687 995 inde
710 935 876 1013 sescuplum
897 935 931 995 ad
949 935 1129 1010 signiferum.

115 1021 157 1077 ita
175 1026 287 1096 septem
306 1020 383 1078 tonis
401 1020 477 1078 ellici
493 1038 576 1097 quam
591 1019 731 1096 diapason
747 1019 923 1078 harmoniam
939 1027 1057 1094 vocant,
1076 1017 1132 1076 boc

78 1110 164 1174 mest
180 1103 400 1162 universitatem
420 1112 606 1162 concentuus.
640 1104 668 1162 in
685 1121 719 1162 ea
740 1102 892 1162 Saturnum
907 1101 999 1161 Dorio
1017 1101 1130 1160 moveri

117 1185 287 1263 phthongo,
303 1185 403 1246 lovem
416 1186 555 1263 Phrygio,
573 1189 647 1246 etin
664 1187 785 1265 reliquis
802 1186 916 1264 similia,
937 1185 1059 1246 iucunda
1074 1202 1131 1244 ma·

114 1271 164 1347 gis
183 1287 265 1346 quam
282 1272 449 1329 necessaria
468 1270 639 1331 subtilitate.

180 1351 232 1414 23.
260 1350 342 1430 (21.)
364 1353 491 1438 Stadium
506 1363 621 1414 centurn
635 1356 738 1431 viginti
760 1356 886 1432 quinque
904 1364 1023 1414 nostros
1041 1355 1173 1420 elficitss

115 1455 254 1516 pascuus,
269 1436 326 1496 hoc
342 1446 389 1497 est
401 1439 492 1516 pedes
506 1446 664 1498 sexcentos
677 1439 779 1514 viginti
794 1441 932 1517 quinque.
956 1438 1130 1497 Posidonius

78 1538 176 1591 15n0n
195 1522 287 1580 minus
304 1521 492 1599 quadraginta
515 1520 673 1582 stadiorum
691 1539 707 1580 a
723 1529 800 1581 terra
818 1521 998 1581 altitudinem
1017 1540 1084 1579 esse
1103 1523 1132 1579 in

117 1622 202 1682 qnam
218 1604 316 1665 nubila
332 1623 365 1665 ac
380 1607 462 1665 venti
479 1605 630 1682 nubesque
646 1606 829 1683 perveniant,
845 1604 911 1664 inde
927 1622 1028 1681 purum
1049 1603 1131 1680 liqui-

117 1688 242 1765 dumque
258 1697 288 1748 et
309 1689 528 1766 inperturbatae
551 1689 623 1748 lucis
644 1683 729 1764 aera,
749 1689 801 1748 sed
821 1706 836 1747 a
853 1687 968 1747 turbido
985 1687 1020 1746 ad
1037 1687 1131 1745 lunam

87 1779 91 1787 '
115 1772 230 1831 viciens
254 1781 368 1831 centum
394 1772 471 1832 milia
493 1773 667 1848 stadiorum,
691 1771 815 1831 indeed
842 1770 935 1831 solem
957 1772 1129 1849 quinquiens

115 1855 249 1931 miliens,
274 1864 303 1915 et
326 1856 420 1934 spatio
444 1857 507 1916 lieri
531 1864 561 1915 ut
580 1863 635 1914 tarn
650 1857 779 1914 inmensa
800 1857 863 1914 eius
882 1855 1049 1932 magnitudo
1072 1871 1131 1913 nou

76 1946 221 2006 soexurat
244 1947 347 1999 terras.
378 1940 479 2018 plures
496 1948 591 1999 autem
609 1939 702 1999 nubes
720 1939 876 2015 nongentis
900 1940 929 1996 in
952 1937 1132 1996 altitudinem

118 2021 220 2082 subire
241 2021 440 2100 prodiderunt.
478 2026 650 2101 inconperta
671 2022 744 2083 haec
767 2031 796 2082 ct
818 2021 1049 2098 inextricabilia,
1079 2019 1132 2080 sed

117 2104 285 2184 prodenda,
308 2108 374 2184 quia
390 2116 455 2166 suut
470 2109 597 2186 prodita,
613 2109 642 2167 in
658 2109 722 2185 quis
740 2115 835 2166 tamen
850 2124 905 2165 una
919 2108 995 2166 ratio
1011 2123 1131 2182 geome-

116 2191 209 2248 tricae
239 2190 423 2250 collectionis
448 2210 598 2269 numquam
623 2191 736 2252 fallacis
763 2193 858 2268 possit
887 2208 945 2249 nou
970 2189 1130 2267 repudiari,

117 2274 141 2332 si
160 2275 208 2333 cui
232 2271 322 2333 libeat
343 2274 428 2333 altius
445 2276 500 2333 ista
518 2277 674 2353 persequi,
699 2293 753 2335 nec
775 2284 805 2332 ut
827 2291 962 2332 mensura
988 2272 1032 2352 (id
1055 2275 1132 2345 enim

78 2355 196 2419 cavelle
215 2374 308 2434 paene
323 2358 464 2417 dementis
482 2360 523 2418 oti
541 2360 622 2435 est),
638 2358 690 2417 sed
708 2365 738 2416 ut
758 2365 866 2416 tantum
882 2357 1044 2415 aestimatio
1061 2374 1128 2415 con·

115 2441 243 2500 iectandi
260 2449 375 2501 constet
391 2443 494 2500 animo.
522 2439 594 2500 Nam
612 2459 675 2500 cum
691 2436 830 2499 trecentis
846 2440 998 2516 sexaginta
1017 2447 1047 2497 ct
1062 2439 1125 2498 iere
1137 2447 1172 2498 86

117 2542 175 2585 sex
190 2524 322 2601 partibus
340 2525 421 2584 orbis
442 2524 513 2584 solis
531 2524 706 2584 ex'circuitu
722 2524 784 2583 eius
801 2531 905 2599 patere
923 2530 1061 2599 appareat
1075 2523 1129 2580 cir-

116 2607 211 2668 culum
230 2626 384 2686 perquem
400 2616 495 2685 meat,
520 2625 694 2685 semperque
710 2606 863 2665 dimetiens
885 2607 999 2664 tertiam
1017 2614 1131 2683 partem

116 2692 261 2751 ambituus
282 2701 312 2752 et
327 2694 433 2752 tertiae
455 2692 542 2770 paulo
565 2693 657 2751 minus
680 2691 830 2768 septimam
848 2689 985 2766 colligat,
1010 2697 1131 2768 apparet

80 2775 234 2852 aodempta
260 2776 323 2834 eius
348 2776 464 2836 dimidia
491 2777 641 2854 (quoniam
671 2782 750 2834 terra
775 2773 912 2833 centralis
939 2773 1131 2849 interveniat)

117 2867 231 2919 sextam
257 2859 322 2919 fere
344 2867 457 2937 partem
477 2858 561 2918 buius
583 2861 704 2918 inmensi
727 2860 801 2936 spati
824 2857 901 2935 quod
925 2858 1003 2916 circa
1023 2867 1132 2917 terram

117 2941 220 3002 circuli
237 2942 343 3003 solaris
359 2946 453 3003 animo
474 2942 723 3019 conprehenditur
734 2944 833 3001 inesse
848 2941 1007 2999 altitudinis
1022 2940 1130 3016 spatio,

117 3025 204 3085 lunae
218 3044 300 3086 *vero
320 3027 537 3104 duodecimam,
559 3026 693 3103 quoniam
716 3033 796 3084 tanto
816 3025 954 3084 breviore
980 3040 1063 3099 quarn
1086 3021 1132 3081 sol

118 3109 226 3169 ambitu
246 3113 345 3170 currit.
375 3113 414 3170 ita
433 3111 497 3171 lieri
514 3127 579 3170 eanr
595 3111 622 3168 in
638 3109 734 3168 medio
750 3108 823 3166 solis
839 3125 872 3165 ac
887 3114 994 3164 terrae.
1028 3105 1173 3168 lllirumsst

81 3212 176 3271 ssquo
194 3192 336 3270 procedat
358 3195 529 3271 improbitas
551 3193 647 3255 cordis
666 3192 778 3250 humani
799 3189 922 3268 parvolo
940 3188 1037 3266 aliquo
1060 3191 1132 3248 invi-

118 3286 176 3337 tata
193 3295 350 3354 successu,
374 3279 449 3337 sicut
472 3279 502 3336 in
519 3293 607 3354 supra
629 3276 713 3335 dictis
738 3275 922 3339 occasionem
946 3273 1132 3349 inpudentiae

117 3363 193 3420 ratio
213 3361 346 3437 largitur.
378 3364 501 3440 ausique
517 3361 648 3419 divinare
665 3358 737 3418 solis
754 3357 787 3416 ad
805 3366 910 3416 terram
926 3359 1020 3434 spatia
1032 3357 1133 3418 eadem

118 3443 154 3504 ad
168 3444 281 3504 caelum
299 3453 405 3522 agunt,
423 3445 559 3522 quoniam
574 3442 738 3504 sit-medius
756 3439 818 3518 sol,
840 3447 871 3500 ut
887 3442 1020 3519 protinus
1038 3440 1133 3505 mundi

169 3559 250 3596 rum
269 3558 331 3599 aar.
351 3560 423 3596 arar.
441 3545 462 3596 1.
912 3522 936 3587 ft
