2400 3856
54 150 58 155 ’
147 152 210 217 162
491 169 522 218 o.
545 169 641 217 nunu
664 167 813 217 succum
866 195 869 201 -

144 324 279 402 poenalis
304 341 393 400 aquas
420 321 549 401 dirisque
577 325 693 400 genitas
714 325 865 400 argenteis
887 325 948 385 suis
971 325 1091 386 misceri
1114 346 1164 387 re·

145 425 259 466 cusans.

93 497 126 548 32
209 489 236 551 9.
254 489 335 569 (16.)
359 491 532 550 Thessaliae
549 491 660 551 adnexa
675 490 824 568 Magnesia
844 501 907 567 est,
934 494 1014 553 cuius
1031 494 1100 553 lons
1116 493 1163 554 Li·

144 574 262 651 bethra,
280 574 385 653 oppida
404 573 519 652 loleus,
537 574 718 651 Orrnenium,
734 576 854 652 Pyrrha,
874 575 1024 652 Methone,
1043 576 1162 656 Olizon,

47 694 50 699 -
144 662 371 736 promunturium
387 659 507 737 Sepias,
526 660 631 737 oppida
648 658 788 735 Castana,
806 660 975 738 Spalathra,
992 671 1162 738 promuntu-
1179 674 1193 715 s

143 744 215 803 rium
231 742 403 818 Aeantium,
421 743 526 822 oppida
541 742 707 817 Meliboea,
731 743 859 819 erizus,
876 743 1036 820 Erymnae,
1052 749 1162 805 ostium

143 826 237 902 Penii,
254 827 360 905 oppida
375 826 550 903 llomolium,
567 826 669 901 Orthe,
685 821 808 901 lresia'e,
824 827 956 901 Pelinna,
973 826 1161 907 Thaumacie,

145 910 272 987 Gyrton,
293 908 444 986 Crannon,
466 910 619 985 Acharne,
641 909 767 987 Dotion,
783 910 903 988 Melite,
925 911 1069 989 Phylace,
1092 913 1162 973 Pot-

144 997 216 1054 niae.
247 993 345 1071 Epiri,
361 994 507 1068 Achaiae,
523 993 659 1071 Atticae,
684 992 853 1054 Thessaliae
869 997 898 1054 in
914 1004 1088 1073 porrectum
1098 996 1161 1057 lon·

143 1077 244 1154 gitudo
261 1075 497 1137 CCCCLXXXX
512 1077 619 1136 milium
642 1095 718 1156 pass.
754 1078 891 1157 traditur,
914 1079 1034 1139 latitudo
1053 1077 1162 1141 CCVII
1176 1097 1195 1133 1·

143 1162 259 1220 milium.
838 1173 843 1181 ”

92 1253 126 1306 33
207 1242 257 1305 10.
280 1243 362 1322 (li.)
385 1243 554 1305 illacedonia
572 1254 677 1324 postea
697 1245 741 1306 CL
762 1247 953 1325 populorum,
978 1247 1092 1307 duobus
1118 1251 1162 1309 iu·

124 1327 219 1388 'clota
235 1327 362 1405 regibus'
378 1329 578 1407 quondamque
600 1338 741 1390 terrarum
756 1333 897 1408 imperio,
919 1330 1049 1391 Emathia
1071 1341 1161 1393 antea

143 1413 229 1472 dicta.
260 1412 339 1472 llaec
354 1413 389 1475 ad
408 1412 574 1492 Epiroticas
593 1423 697 1489 gentes
715 1417 744 1473 in
766 1415 838 1474 solis
857 1432 990 1474 occasum
1011 1415 1160 1476 recedens

143 1505 211 1574 post
227 1505 310 1575 terga
325 1496 494 1574 Magnesiae
511 1506 597 1575 atque
617 1497 785 1557 Thessaliae
803 1499 957 1558 infestatur
972 1517 987 1557 a
1003 1498 1158 1560 Dardanis.
1175 1515 1199 1556 15

143 1589 254 1661 partem
271 1583 334 1641 eius
350 1581 612 1659 septentrionalem
628 1581 755 1641 Paeonia
771 1601 804 1641 ac
820 1581 979 1658 Pelagonia
996 1592 1160 1660 protegunt

143 1684 159 1724 a
175 1663 322 1724 Triballis.
355 1664 467 1744 Oppida
487 1665 619 1742 hegiae,
642 1668 671 1725 in
689 1683 746 1744 quo
763 1666 884 1743 sepeliri
901 1684 964 1725 mos
980 1685 1087 1743 reges,
1104 1667 1159 1727 Be-

143 1766 231 1827 roea,
253 1751 329 1809 etin
349 1751 473 1826 regione
496 1766 569 1827 quae
584 1749 681 1810 Pieria
702 1750 866 1828 appellatur
890 1767 905 1808 a
928 1769 1048 1810 nemore
1065 1750 1160 1830 Aegi·

91 1840 125 1893 34
141 1835 226 1894 nium.
250 1835 278 1892 in
295 1827 348 1894 ora
363 1832 516 1909 heraclea,
533 1833 638 1893 flumen
655 1833 768 1912 Apilas,
788 1833 893 1911 oppida
907 1832 1017 1909 Pydna,
1035 1833 1158 1913 Oleros,

142 1919 231 1976 amnis
247 1917 423 1977 Haliacmon.
447 1919 523 1976 intus
539 1916 684 1994 Aloritae,
700 1916 830 1993 Vallaei,
846 1916 1012 1995 Phylacaei,
1029 1916 1158 1994 Cyrrhe·
1171 1935 1195 1974 ro

143 2009 217 2077 stae,
230 2000 391 2076 Tyrissaei,
407 1999 488 2061 Pella
500 2000 626 2077 colonia,
642 2001 778 2079 oppidum
790 2001 874 2060 Stobi
890 2003 994 2061 civium
1010 2000 1158 2062 Romano·

143 2102 212 2143 rum.
233 2102 302 2142 mon
318 2087 499 2160 Antigonea,
515 2081 651 2161 Europus
673 2085 708 2143 ad
723 2084 829 2144 Axium
847 2103 973 2161 amnem,
991 2085 1157 2164 eodemque

142 2168 257 2226 nomine
270 2185 324 2244 per
336 2167 413 2244 quod
425 2166 574 2226 Rhoedias
586 2169 658 2244 tluit,
671 2167 791 2245 Scydra,
804 2167 949 2246 Eordaea,
963 2168 1069 2246 Mieza,
1082 2169 1158 2230 Cor·

90 2259 123 2310 35
143 2250 254 2324 dyniae.
275 2267 343 2309 mox
353 2252 382 2309 in
399 2268 450 2310 ora
461 2249 578 2328 lchnae,
592 2251 695 2311 lluvius
708 2251 810 2312 Axius.
835 2252 881 2312 Ad
893 2253 967 2313 hono
979 2254 1064 2312 linem
1082 2251 1158 2314 Dar-

141 2335 217 2411 dani,
231 2333 351 2412 Treres,
371 2333 473 2394 Pieres
485 2332 683 2396 Macedoniam
698 2335 840 2396 adcolunt.
863 2337 899 2397 ab
911 2336 968 2397 hoc
981 2355 1064 2396 amne
1082 2337 1157 2399 Pae·
1170 2355 1193 2393 aa

142 2421 226 2479 oniae
242 2428 347 2495 gentes
364 2417 514 2496 Paroraei,
529 2418 711 2496 Eordenses,
728 2419 856 2499 Almopi,
874 2420 1052 2498 Pelagones,
1072 2419 1157 2500 lllyg-

140 2502 240 2564 dones.
261 2512 375 2563 montes
388 2503 544 2582 Rhodope,
562 2504 697 2582 Scopius,
717 2502 851 2564 Orbelos.
875 2505 941 2564 dein
954 2507 1155 2583 praeiacente.

139 2590 251 2663 gremio
270 2597 411 2647 terrarum
426 2588 588 2664 Arethusii,
604 2588 843 2665 Antiochienses,
860 2587 1082 2664 Idomenenses,
1095 2589 1156 2650 Do-

105 2690 111 2701 ·
139 2670 215 2745 beri,
227 2669 430 2743 Aestrienses,
443 2671 643 2748 Allantenses,
656 2670 894 2748 Audaristenses,
903 2672 1031 2748 lllorylli,
1047 2671 1154 2735 Carre-

139 2754 192 2827 sci,
207 2751 380 2829 lyncestae,
397 2752 557 2830 Othryonei
578 2763 609 2814 et
632 2754 718 2814 liberi
735 2753 881 2816 Amantini
901 2765 987 2835 atque
1013 2755 1154 2834 Orestae,
1169 2776 1193 2816 eu

89 2860 92 2865 ’
139 2835 465 2897 coloniaeBullidenses
479 2837 1039 2917 atDienses,Xylopolitae,Scotussaei
1052 2840 1154 2919 liberi,

87 2933 122 2986 30
139 2919 281 2980 Heraclea
296 2920 422 2996 Sintica,
442 2920 617 2999 Tymphaei,
636 2921 791 2982 Toronaei.
821 2923 854 2983 ln
872 2941 922 2983 ora
939 2926 1038 2983 sinuus
1055 2923 1154 2986 lllace·

139 3004 241 3065 donica
258 3005 394 3083 oppidum
414 3003 561 3065 Chalastra
582 3015 612 3065 et
627 3008 704 3067 intus
725 3007 866 3084 Pyloros,
883 3007 973 3085 Lete,
994 3007 1154 3087 medioque

138 3089 234 3149 litoris
253 3089 331 3149 flexu
343 3088 553 3150 Thessalonice
573 3089 685 3150 liberae
701 3092 881 3151 condicionis
898 3092 948 3168 (ad
961 3091 1034 3150 hanc
1050 3091 1153 3153 aliur·

138 3174 237 3233 rachio
255 3171 383 3233 CCXLV
400 3175 477 3235 milia
497 3177 656 3254 passuum),
678 3174 821 3253 Therme,
846 3178 875 3235 in
896 3175 1067 3236 Thermaico
1087 3179 1152 3237 sinu
1168 3197 1192 3236 aa

139 3259 245 3337 oppida
270 3257 395 3337 Dicaea,
421 3258 626 3334 Palinaudrea,
654 3258 777 3335 Scione,
804 3261 1032 3338 promunturium
1060 3258 1153 3322 Cana-

139 3348 283 3420 straeum,
308 3344 413 3421 oppida
431 3344 566 3419 Pallene,
590 3341 725 3420 Phlegra.
771 3341 833 3415 Qua
849 3345 879 3403 in
896 3346 1018 3421 regione
1035 3355 1153 3406 montes

116 3497 119 3503 Ι
136 3423 329 3508 Hypsizorus,
342 3426 466 3508 Epytus,
477 3429 598 3508 Aigion,
606 3426 911 3507 Elaeuomne,oppida
923 3426 1048 3505 Nyssos,
1060 3427 1155 3506 Phry·
