<?xml version="1.0" encoding="UTF-8"?>
<!DOCTYPE html PUBLIC "-//W3C//DTD XHTML 1.0 Transitional//EN"
    "http://www.w3.org/TR/xhtml1/DTD/xhtml1-transitional.dtd">
<html xmlns="http://www.w3.org/1999/xhtml" xml:lang="en" lang="en">
 <head>
  <title>
</title>
<meta http-equiv="Content-Type" content="text/html;charset=utf-8" />
  <meta name='ocr-system' content='tesseract 3.04.00' />
  <meta name='ocr-capabilities' content='ocr_page ocr_carea ocr_par ocr_line ocrx_word'/>
</head>
<body>
  <div class='ocr_page' id='page_1' title='image "./cplinisecundina07plingoog_0308.png"; bbox 0 0 2400 3856; ppageno 0'>
   <div class='ocr_carea' id='block_1_1' title="bbox 340 179 1103 266">
    <p class='ocr_par' dir='ltr' id='par_1_1' title="bbox 340 179 1103 266">
     <span class='ocr_line' id='line_1_1' title="bbox 340 179 1103 266; baseline -0.004 -18"><span class='ocrx_word' id='word_1_1' title='bbox 340 185 604 249; x_wconf 65' lang='lat' dir='ltr'>unumunurn</span> <span class='ocrx_word' id='word_1_2' title='bbox 627 192 711 247; x_wconf 79' lang='lat'><strong>7-9.</strong></span> <span class='ocrx_word' id='word_1_3' title='bbox 736 186 858 266; x_wconf 82' lang='lat' dir='ltr'>(r-ro.)</span> <span class='ocrx_word' id='word_1_4' title='bbox 1040 179 1103 245; x_wconf 79' lang='lat'>221</span> 
     </span>
    </p>
   </div>
   <div class='ocr_carea' id='block_1_2' title="bbox 49 352 1191 3530">
    <p class='ocr_par' dir='ltr' id='par_1_2' title="bbox 92 352 1191 684">
     <span class='ocr_line' id='line_1_2' title="bbox 92 352 1103 434; baseline -0.003 -19"><span class='ocrx_word' id='word_1_5' title='bbox 92 354 246 434; x_wconf 90' lang='lat' dir='ltr'>superfusa</span> <span class='ocrx_word' id='word_1_6' title='bbox 262 352 391 434; x_wconf 89' lang='lat' dir='ltr'>populis,</span> <span class='ocrx_word' id='word_1_7' title='bbox 408 371 572 432; x_wconf 84' lang='lat' dir='ltr'>magnoque</span> <span class='ocrx_word' id='word_1_8' title='bbox 585 354 694 433; x_wconf 91' lang='lat' dir='ltr'>impetu</span> <span class='ocrx_word' id='word_1_9' title='bbox 714 354 856 415; x_wconf 80' lang='lat' dir='ltr'><strong>scandens</strong></span> <span class='ocrx_word' id='word_1_10' title='bbox 874 354 1015 415; x_wconf 83' lang='lat' dir='ltr'>adortum</span> <span class='ocrx_word' id='word_1_11' title='bbox 1030 352 1103 412; x_wconf 87' lang='lat' dir='ltr'>solis</span> 
     </span>
     <span class='ocr_line' id='line_1_3' title="bbox 93 436 1102 516; baseline -0.002 -19"><span class='ocrx_word' id='word_1_12' title='bbox 93 447 123 498; x_wconf 93' lang='lat' dir='ltr'>et</span> <span class='ocrx_word' id='word_1_13' title='bbox 143 437 229 498; x_wconf 81' lang='lat' dir='ltr'><strong>Tauri</strong></span> <span class='ocrx_word' id='word_1_14' title='bbox 250 441 316 516; x_wconf 91' lang='lat' dir='ltr'>iuga</span> <span class='ocrx_word' id='word_1_15' title='bbox 341 439 443 497; x_wconf 75' lang='lat' dir='ltr'><strong>transit</strong></span> <span class='ocrx_word' id='word_1_16' title='bbox 459 436 649 514; x_wconf 73' lang='lat' dir='ltr'>Lycaoniam,</span> <span class='ocrx_word' id='word_1_17' title='bbox 674 436 824 514; x_wconf 82' lang='lat' dir='ltr'>Pisidiam,</span> <span class='ocrx_word' id='word_1_18' title='bbox 853 437 996 513; x_wconf 80' lang='lat' dir='ltr'>Ciliciam,</span> <span class='ocrx_word' id='word_1_19' title='bbox 1025 437 1102 496; x_wconf 88' lang='lat' dir='ltr'>vadit</span> 
     </span>
     <span class='ocr_line' id='line_1_4' title="bbox 93 521 1191 601; baseline -0.004 -19"><span class='ocrx_word' id='word_1_20' title='bbox 93 540 183 600; x_wconf 89' lang='lat' dir='ltr'>super</span> <span class='ocrx_word' id='word_1_21' title='bbox 207 521 382 582; x_wconf 89' lang='lat' dir='ltr'>Antiochiae</span> <span class='ocrx_word' id='word_1_22' title='bbox 407 529 546 598; x_wconf 90' lang='lat' dir='ltr'>tractum,</span> <span class='ocrx_word' id='word_1_23' title='bbox 572 529 602 582; x_wconf 88' lang='lat' dir='ltr'>et</span> <span class='ocrx_word' id='word_1_24' title='bbox 628 539 720 601; x_wconf 87' lang='lat' dir='ltr'>usqne</span> <span class='ocrx_word' id='word_1_25' title='bbox 747 521 781 582; x_wconf 91' lang='lat' dir='ltr'>ad</span> <span class='ocrx_word' id='word_1_26' title='bbox 798 521 1014 597; x_wconf 79' lang='lat' dir='ltr'>Cyrrhesticam</span> <span class='ocrx_word' id='word_1_27' title='bbox 1039 522 1103 579; x_wconf 90' lang='lat' dir='ltr'>eius</span> <span class='ocrx_word' id='word_1_28' title='bbox 1189 554 1191 559; x_wconf 58' lang='lat'>&lt;</span> 
     </span>
     <span class='ocr_line' id='line_1_5' title="bbox 92 604 1103 684; baseline -0.003 -19"><span class='ocrx_word' id='word_1_29' title='bbox 92 608 243 683; x_wconf 83' lang='lat' dir='ltr'>regionem</span> <span class='ocrx_word' id='word_1_30' title='bbox 270 613 354 684; x_wconf 87' lang='lat' dir='ltr'>parte</span> <span class='ocrx_word' id='word_1_31' title='bbox 380 622 432 665; x_wconf 93' lang='lat' dir='ltr'>sua</span> <span class='ocrx_word' id='word_1_32' title='bbox 455 621 529 683; x_wconf 91' lang='lat' dir='ltr'>quae</span> <span class='ocrx_word' id='word_1_33' title='bbox 551 614 672 666; x_wconf 84' lang='lat' dir='ltr'>vocatur</span> <span class='ocrx_word' id='word_1_34' title='bbox 687 604 826 667; x_wconf 86' lang='lat' dir='ltr'>Cataonia</span> <span class='ocrx_word' id='word_1_35' title='bbox 852 605 1010 665; x_wconf 86' lang='lat' dir='ltr'>contendit.</span> <span class='ocrx_word' id='word_1_36' title='bbox 1051 605 1103 662; x_wconf 92' lang='lat' dir='ltr'>ita·</span> 
     </span>
    </p>

    <p class='ocr_par' dir='ltr' id='par_1_3' title="bbox 61 687 1102 832">
     <span class='ocr_line' id='line_1_6' title="bbox 61 687 1102 832; baseline 0.004 -88"><span class='ocrx_word' id='word_1_37' title='bbox 61 690 214 832; x_wconf 45' lang='lat' dir='ltr'>appedbi</span> <span class='ocrx_word' id='word_1_38' title='bbox 234 688 387 767; x_wconf 79' lang='lat' dir='ltr'>longitudo</span> <span class='ocrx_word' id='word_1_39' title='bbox 410 688 502 749; x_wconf 89' lang='lat' dir='ltr'>Asiae</span> <span class='ocrx_word' id='word_1_40' title='bbox 523 691 587 772; x_wconf 71' lang='lat' dir='ltr'>l&#39;lll‘ll</span> <span class='ocrx_word' id='word_1_41' title='bbox 606 688 627 748; x_wconf 89' lang='lat' dir='ltr'>L</span> <span class='ocrx_word' id='word_1_42' title='bbox 647 687 676 748; x_wconf 89' lang='lat' dir='ltr'>M</span> <span class='ocrx_word' id='word_1_43' title='bbox 696 707 832 768; x_wconf 78' lang='lat' dir='ltr'>passuum</span> <span class='ocrx_word' id='word_1_44' title='bbox 848 690 955 766; x_wconf 84' lang='lat' dir='ltr'>elficit,</span> <span class='ocrx_word' id='word_1_45' title='bbox 982 688 1102 748; x_wconf 88' lang='lat' dir='ltr'>latitudo</span> 
     </span>
    </p>

    <p class='ocr_par' dir='ltr' id='par_1_4' title="bbox 90 855 1154 1106">
     <span class='ocr_line' id='line_1_7' title="bbox 154 855 1154 936; baseline -0.002 -18"><span class='ocrx_word' id='word_1_46' title='bbox 154 855 183 918; x_wconf 88' lang='lat'>9.</span> <span class='ocrx_word' id='word_1_47' title='bbox 218 855 281 936; x_wconf 87' lang='lat'>(9.)</span> <span class='ocrx_word' id='word_1_48' title='bbox 315 857 454 918; x_wconf 90' lang='lat' dir='ltr'>Armenia</span> <span class='ocrx_word' id='word_1_49' title='bbox 485 865 581 918; x_wconf 91' lang='lat' dir='ltr'>autem</span> <span class='ocrx_word' id='word_1_50' title='bbox 612 857 706 918; x_wconf 90' lang='lat' dir='ltr'>maior</span> <span class='ocrx_word' id='word_1_51' title='bbox 733 858 910 936; x_wconf 90' lang='lat' dir='ltr'>incipiensa</span> <span class='ocrx_word' id='word_1_52' title='bbox 937 856 1103 917; x_wconf 81' lang='lat' dir='ltr'>Parihedris</span> <span class='ocrx_word' id='word_1_53' title='bbox 1120 865 1154 916; x_wconf 80' lang='lat'>25</span> 
     </span>
     <span class='ocr_line' id='line_1_8' title="bbox 90 939 1154 1020; baseline -0.001 -20"><span class='ocrx_word' id='word_1_54' title='bbox 90 941 236 1002; x_wconf 91' lang='lat' dir='ltr'>montibus</span> <span class='ocrx_word' id='word_1_55' title='bbox 249 940 398 1019; x_wconf 77' lang='lat' dir='ltr'>Euphrate</span> <span class='ocrx_word' id='word_1_56' title='bbox 410 960 504 1018; x_wconf 89' lang='lat' dir='ltr'>amne,</span> <span class='ocrx_word' id='word_1_57' title='bbox 518 950 549 1001; x_wconf 87' lang='lat' dir='ltr'>ut</span> <span class='ocrx_word' id='word_1_58' title='bbox 560 941 666 1002; x_wconf 90' lang='lat' dir='ltr'>dictum</span> <span class='ocrx_word' id='word_1_59' title='bbox 683 950 740 1017; x_wconf 88' lang='lat' dir='ltr'>cst,</span> <span class='ocrx_word' id='word_1_60' title='bbox 756 943 886 1002; x_wconf 89' lang='lat' dir='ltr'>aufertur</span> <span class='ocrx_word' id='word_1_61' title='bbox 898 939 1100 1020; x_wconf 78' lang='lat' dir='ltr'>Cappadociae</span> <span class='ocrx_word' id='word_1_62' title='bbox 1109 963 1154 1006; x_wconf 77' lang='lat' dir='ltr'>aaa</span> 
     </span>
     <span class='ocr_line' id='line_1_9' title="bbox 93 1024 1136 1106; baseline -0.001 -21"><span class='ocrx_word' id='word_1_63' title='bbox 93 1034 140 1102; x_wconf 89' lang='lat' dir='ltr'>et,</span> <span class='ocrx_word' id='word_1_64' title='bbox 160 1042 215 1103; x_wconf 88' lang='lat' dir='ltr'>qna</span> <span class='ocrx_word' id='word_1_65' title='bbox 234 1024 357 1086; x_wconf 76' lang='lat' dir='ltr'>discedit</span> <span class='ocrx_word' id='word_1_66' title='bbox 376 1025 559 1106; x_wconf 86' lang='lat' dir='ltr'>Euphrates,</span> <span class='ocrx_word' id='word_1_67' title='bbox 576 1024 808 1104; x_wconf 76' lang='lat' dir='ltr'>Mesopotamiae</span> <span class='ocrx_word' id='word_1_68' title='bbox 823 1026 891 1085; x_wconf 90' lang='lat' dir='ltr'>haut</span> <span class='ocrx_word' id='word_1_69' title='bbox 913 1027 1005 1085; x_wconf 88' lang='lat' dir='ltr'>minus</span> <span class='ocrx_word' id='word_1_70' title='bbox 1023 1025 1103 1084; x_wconf 90' lang='lat' dir='ltr'>claro</span> <span class='ocrx_word' id='word_1_71' title='bbox 1133 1024 1136 1029; x_wconf 81' lang='grc'><strong>’</strong></span> 
     </span>
    </p>

    <p class='ocr_par' dir='ltr' id='par_1_5' title="bbox 54 1108 1104 1440">
     <span class='ocr_line' id='line_1_10' title="bbox 54 1108 1104 1189; baseline 0.005 -25"><span class='ocrx_word' id='word_1_72' title='bbox 54 1123 175 1170; x_wconf 83' lang='lat' dir='ltr'>suamne</span> <span class='ocrx_word' id='word_1_73' title='bbox 191 1108 281 1187; x_wconf 83' lang='lat' dir='ltr'>Tigri.</span> <span class='ocrx_word' id='word_1_74' title='bbox 314 1117 465 1189; x_wconf 86' lang='lat' dir='ltr'>utrumque</span> <span class='ocrx_word' id='word_1_75' title='bbox 488 1108 582 1170; x_wconf 91' lang='lat' dir='ltr'>fundit</span> <span class='ocrx_word' id='word_1_76' title='bbox 601 1111 665 1189; x_wconf 91' lang='lat' dir='ltr'>ipsa</span> <span class='ocrx_word' id='word_1_77' title='bbox 689 1119 718 1170; x_wconf 91' lang='lat' dir='ltr'>et</span> <span class='ocrx_word' id='word_1_78' title='bbox 740 1111 851 1170; x_wconf 90' lang='lat' dir='ltr'>initium</span> <span class='ocrx_word' id='word_1_79' title='bbox 872 1108 1104 1188; x_wconf 81' lang='lat' dir='ltr'>Mesopotamiae</span> 
     </span>
     <span class='ocr_line' id='line_1_11' title="bbox 91 1193 1104 1272; baseline -0.001 -19"><span class='ocrx_word' id='word_1_80' title='bbox 91 1195 160 1253; x_wconf 89' lang='lat' dir='ltr'>facit</span> <span class='ocrx_word' id='word_1_81' title='bbox 174 1195 252 1254; x_wconf 90' lang='lat' dir='ltr'>inter</span> <span class='ocrx_word' id='word_1_82' title='bbox 267 1193 341 1255; x_wconf 90' lang='lat' dir='ltr'>duos</span> <span class='ocrx_word' id='word_1_83' title='bbox 359 1213 458 1254; x_wconf 90' lang='lat' dir='ltr'>amnes</span> <span class='ocrx_word' id='word_1_84' title='bbox 476 1195 560 1254; x_wconf 88' lang='lat' dir='ltr'>sitae.</span> <span class='ocrx_word' id='word_1_85' title='bbox 596 1201 694 1254; x_wconf 85' lang='lat' dir='ltr'>terrae</span> <span class='ocrx_word' id='word_1_86' title='bbox 711 1193 788 1272; x_wconf 84' lang='lat' dir='ltr'>quod</span> <span class='ocrx_word' id='word_1_87' title='bbox 807 1196 931 1254; x_wconf 89' lang='lat' dir='ltr'>interest</span> <span class='ocrx_word' id='word_1_88' title='bbox 947 1193 987 1252; x_wconf 94' lang='lat' dir='ltr'>ibi</span> <span class='ocrx_word' id='word_1_89' title='bbox 1003 1200 1104 1253; x_wconf 92' lang='lat' dir='ltr'>tenent</span> 
     </span>
     <span class='ocr_line' id='line_1_12' title="bbox 93 1276 1104 1357; baseline -0.001 -21"><span class='ocrx_word' id='word_1_90' title='bbox 93 1277 208 1337; x_wconf 90' lang='lat' dir='ltr'>Arabes</span> <span class='ocrx_word' id='word_1_91' title='bbox 236 1276 371 1337; x_wconf 87' lang='lat' dir='ltr'>Orrboei.</span> <span class='ocrx_word' id='word_1_92' title='bbox 413 1279 456 1337; x_wconf 89' lang='lat' dir='ltr'>sic</span> <span class='ocrx_word' id='word_1_93' title='bbox 489 1277 574 1336; x_wconf 90' lang='lat' dir='ltr'>finem</span> <span class='ocrx_word' id='word_1_94' title='bbox 601 1281 747 1355; x_wconf 87' lang='lat' dir='ltr'>usquein</span> <span class='ocrx_word' id='word_1_95' title='bbox 780 1278 951 1338; x_wconf 83' lang='lat' dir='ltr'>Adiabenen</span> <span class='ocrx_word' id='word_1_96' title='bbox 981 1278 1104 1357; x_wconf 86' lang='lat' dir='ltr'>perfert.</span> 
     </span>
     <span class='ocr_line' id='line_1_13' title="bbox 93 1359 1104 1440; baseline 0.002 -22"><span class='ocrx_word' id='word_1_97' title='bbox 93 1361 128 1420; x_wconf 92' lang='lat' dir='ltr'>ab</span> <span class='ocrx_word' id='word_1_98' title='bbox 153 1378 188 1420; x_wconf 87' lang='lat' dir='ltr'>ea</span> <span class='ocrx_word' id='word_1_99' title='bbox 210 1363 387 1421; x_wconf 86' lang='lat' dir='ltr'>transversis</span> <span class='ocrx_word' id='word_1_100' title='bbox 408 1363 485 1438; x_wconf 86' lang='lat' dir='ltr'>iugis</span> <span class='ocrx_word' id='word_1_101' title='bbox 510 1359 621 1420; x_wconf 89' lang='lat' dir='ltr'>inclusa</span> <span class='ocrx_word' id='word_1_102' title='bbox 639 1360 819 1421; x_wconf 88' lang='lat' dir='ltr'>latitudinem</span> <span class='ocrx_word' id='word_1_103' title='bbox 840 1364 869 1420; x_wconf 94' lang='lat' dir='ltr'>in</span> <span class='ocrx_word' id='word_1_104' title='bbox 895 1361 979 1422; x_wconf 91' lang='lat' dir='ltr'>laeva</span> <span class='ocrx_word' id='word_1_105' title='bbox 1005 1362 1104 1440; x_wconf 91' lang='lat' dir='ltr'>pandit</span> 
     </span>
    </p>

    <p class='ocr_par' dir='ltr' id='par_1_6' title="bbox 49 1442 1104 1522">
     <span class='ocr_line' id='line_1_14' title="bbox 49 1442 1104 1522; baseline -0.002 -15"><span class='ocrx_word' id='word_1_106' title='bbox 49 1502 52 1507; x_wconf 86' lang='lat'>.</span> <span class='ocrx_word' id='word_1_107' title='bbox 93 1444 129 1504; x_wconf 90' lang='lat' dir='ltr'>ad</span> <span class='ocrx_word' id='word_1_108' title='bbox 145 1442 252 1520; x_wconf 78' lang='lat' dir='ltr'>Cyrum</span> <span class='ocrx_word' id='word_1_109' title='bbox 266 1461 377 1505; x_wconf 92' lang='lat' dir='ltr'>amnem</span> <span class='ocrx_word' id='word_1_110' title='bbox 393 1453 560 1505; x_wconf 87' lang='lat' dir='ltr'>transversa</span> <span class='ocrx_word' id='word_1_111' title='bbox 574 1442 711 1520; x_wconf 87' lang='lat' dir='ltr'>Araxen,</span> <span class='ocrx_word' id='word_1_112' title='bbox 739 1444 948 1522; x_wconf 86' lang='lat' dir='ltr'>longitudinem</span> <span class='ocrx_word' id='word_1_113' title='bbox 971 1464 1043 1505; x_wconf 87' lang='lat' dir='ltr'>vero</span> <span class='ocrx_word' id='word_1_114' title='bbox 1069 1446 1104 1505; x_wconf 92' lang='lat' dir='ltr'>ad</span> 
     </span>
    </p>

    <p class='ocr_par' dir='ltr' id='par_1_7' title="bbox 53 1527 1191 1757">
     <span class='ocr_line' id='line_1_15' title="bbox 53 1527 1104 1606; baseline 0.006 -23"><span class='ocrx_word' id='word_1_115' title='bbox 53 1530 233 1588; x_wconf 75' lang='lat' dir='ltr'>seminarem</span> <span class='ocrx_word' id='word_1_116' title='bbox 260 1546 353 1606; x_wconf 88' lang='lat' dir='ltr'>nsque</span> <span class='ocrx_word' id='word_1_117' title='bbox 376 1528 559 1603; x_wconf 90' lang='lat' dir='ltr'>Armeniam,</span> <span class='ocrx_word' id='word_1_118' title='bbox 586 1527 718 1587; x_wconf 92' lang='lat' dir='ltr'>Absarro</span> <span class='ocrx_word' id='word_1_119' title='bbox 745 1545 827 1588; x_wconf 88' lang='lat' dir='ltr'>amne</span> <span class='ocrx_word' id='word_1_120' title='bbox 852 1530 882 1587; x_wconf 93' lang='lat' dir='ltr'>in</span> <span class='ocrx_word' id='word_1_121' title='bbox 909 1529 1029 1588; x_wconf 87' lang='lat' dir='ltr'>Pontum</span> <span class='ocrx_word' id='word_1_122' title='bbox 1055 1529 1104 1589; x_wconf 89' lang='lat' dir='ltr'>de·</span> 
     </span>
     <span class='ocr_line' id='line_1_16' title="bbox 93 1610 1103 1690; baseline 0.002 -20"><span class='ocrx_word' id='word_1_123' title='bbox 93 1613 201 1674; x_wconf 89' lang='lat' dir='ltr'>fluente</span> <span class='ocrx_word' id='word_1_124' title='bbox 221 1619 251 1672; x_wconf 92' lang='lat' dir='ltr'>et</span> <span class='ocrx_word' id='word_1_125' title='bbox 263 1610 430 1673; x_wconf 87' lang='lat' dir='ltr'>Parihedris</span> <span class='ocrx_word' id='word_1_126' title='bbox 441 1610 588 1672; x_wconf 89' lang='lat' dir='ltr'>montibus</span> <span class='ocrx_word' id='word_1_127' title='bbox 607 1613 655 1690; x_wconf 87' lang='lat' dir='ltr'>qui</span> <span class='ocrx_word' id='word_1_128' title='bbox 669 1611 789 1671; x_wconf 91' lang='lat' dir='ltr'>fundunt</span> <span class='ocrx_word' id='word_1_129' title='bbox 801 1611 960 1671; x_wconf 82' lang='lat' dir='ltr'>Absarrum</span> <span class='ocrx_word' id='word_1_130' title='bbox 978 1612 1103 1672; x_wconf 85' lang='lat' dir='ltr'>discreta</span> 
     </span>
     <span class='ocr_line' id='line_1_17' title="bbox 93 1697 1191 1757; baseline -0.003 -1"><span class='ocrx_word' id='word_1_131' title='bbox 93 1697 202 1757; x_wconf 91' lang='lat' dir='ltr'>abilla.</span> <span class='ocrx_word' id='word_1_132' title='bbox 1186 1746 1191 1753; x_wconf 90' lang='lat'>.</span> 
     </span>
    </p>

    <p class='ocr_par' dir='ltr' id='par_1_8' title="bbox 157 1777 1154 1861">
     <span class='ocr_line' id='line_1_18' title="bbox 157 1777 1154 1861; baseline 0 -21"><span class='ocrx_word' id='word_1_133' title='bbox 157 1779 239 1861; x_wconf 86' lang='lat'>(10.)</span> <span class='ocrx_word' id='word_1_134' title='bbox 264 1777 358 1858; x_wconf 69' lang='lat' dir='ltr'>Cyrus</span> <span class='ocrx_word' id='word_1_135' title='bbox 375 1783 468 1842; x_wconf 89' lang='lat' dir='ltr'>oritur</span> <span class='ocrx_word' id='word_1_136' title='bbox 483 1783 512 1842; x_wconf 92' lang='lat' dir='ltr'>in</span> <span class='ocrx_word' id='word_1_137' title='bbox 532 1780 703 1843; x_wconf 82' lang='lat' dir='ltr'>heniochiis</span> <span class='ocrx_word' id='word_1_138' title='bbox 721 1781 866 1841; x_wconf 90' lang='lat' dir='ltr'>montibus</span> <span class='ocrx_word' id='word_1_139' title='bbox 889 1799 963 1859; x_wconf 84' lang='lat' dir='ltr'>quos</span> <span class='ocrx_word' id='word_1_140' title='bbox 982 1781 1030 1840; x_wconf 90' lang='lat' dir='ltr'>alii</span> <span class='ocrx_word' id='word_1_141' title='bbox 1047 1779 1103 1840; x_wconf 88' lang='lat' dir='ltr'>Co·</span> <span class='ocrx_word' id='word_1_142' title='bbox 1120 1784 1154 1840; x_wconf 76' lang='lat'>26</span> 
     </span>
    </p>

    <p class='ocr_par' dir='ltr' id='par_1_9' title="bbox 93 1863 1104 1943">
     <span class='ocr_line' id='line_1_19' title="bbox 93 1863 1104 1943; baseline 0.001 -20"><span class='ocrx_word' id='word_1_143' title='bbox 93 1866 209 1924; x_wconf 85' lang='lat' dir='ltr'>raxicos</span> <span class='ocrx_word' id='word_1_144' title='bbox 225 1882 388 1941; x_wconf 86' lang='lat' dir='ltr'>vocavere,</span> <span class='ocrx_word' id='word_1_145' title='bbox 404 1866 520 1926; x_wconf 86' lang='lat' dir='ltr'>Araxes</span> <span class='ocrx_word' id='word_1_146' title='bbox 537 1867 641 1927; x_wconf 89' lang='lat' dir='ltr'>eodem</span> <span class='ocrx_word' id='word_1_147' title='bbox 656 1873 755 1925; x_wconf 90' lang='lat' dir='ltr'>monte</span> <span class='ocrx_word' id='word_1_148' title='bbox 771 1882 827 1942; x_wconf 88' lang='lat' dir='ltr'>quo</span> <span class='ocrx_word' id='word_1_149' title='bbox 843 1865 1007 1943; x_wconf 87' lang='lat' dir='ltr'>Euphrates</span> <span class='ocrx_word' id='word_1_150' title='bbox 1022 1863 1104 1924; x_wconf 89' lang='lat' dir='ltr'>VIM</span> 
     </span>
    </p>

    <p class='ocr_par' dir='ltr' id='par_1_10' title="bbox 53 1947 1104 2364">
     <span class='ocr_line' id='line_1_20' title="bbox 53 1947 1103 2029; baseline 0.005 -26"><span class='ocrx_word' id='word_1_151' title='bbox 53 1961 80 2002; x_wconf 85' lang='lat' dir='ltr'>so</span> <span class='ocrx_word' id='word_1_152' title='bbox 95 1966 230 2026; x_wconf 88' lang='lat' dir='ltr'>passuum</span> <span class='ocrx_word' id='word_1_153' title='bbox 245 1949 416 2024; x_wconf 83' lang='lat' dir='ltr'>intervallo,</span> <span class='ocrx_word' id='word_1_154' title='bbox 438 1958 597 2029; x_wconf 86' lang='lat' dir='ltr'>auctusque</span> <span class='ocrx_word' id='word_1_155' title='bbox 617 1966 700 2008; x_wconf 90' lang='lat' dir='ltr'>amne</span> <span class='ocrx_word' id='word_1_156' title='bbox 723 1947 774 2008; x_wconf 93' lang='lat' dir='ltr'>Usi</span> <span class='ocrx_word' id='word_1_157' title='bbox 797 1957 827 2009; x_wconf 98' lang='lat' dir='ltr'>et</span> <span class='ocrx_word' id='word_1_158' title='bbox 847 1951 929 2028; x_wconf 89' lang='lat' dir='ltr'>ipse,</span> <span class='ocrx_word' id='word_1_159' title='bbox 954 1957 984 2007; x_wconf 88' lang='lat' dir='ltr'>ut</span> <span class='ocrx_word' id='word_1_160' title='bbox 1003 1949 1103 2025; x_wconf 90' lang='lat' dir='ltr'>plures</span> 
     </span>
     <span class='ocr_line' id='line_1_21' title="bbox 94 2031 1104 2112; baseline 0.001 -20"><span class='ocrx_word' id='word_1_161' title='bbox 94 2034 318 2111; x_wconf 83' lang='lat' dir='ltr'>existimavere,</span> <span class='ocrx_word' id='word_1_162' title='bbox 347 2032 464 2111; x_wconf 71' lang='lat' dir='ltr'>anro</span> <span class='ocrx_word' id='word_1_163' title='bbox 486 2034 618 2094; x_wconf 83' lang='lat' dir='ltr'>defertur</span> <span class='ocrx_word' id='word_1_164' title='bbox 642 2035 671 2092; x_wconf 94' lang='lat' dir='ltr'>in</span> <span class='ocrx_word' id='word_1_165' title='bbox 697 2031 832 2112; x_wconf 80' lang='lat' dir='ltr'>Caspium</span> <span class='ocrx_word' id='word_1_166' title='bbox 858 2050 948 2093; x_wconf 89' lang='lat' dir='ltr'>mare.</span> <span class='ocrx_word' id='word_1_167' title='bbox 991 2031 1104 2111; x_wconf 86' lang='lat' dir='ltr'>Oppida</span> 
     </span>
     <span class='ocr_line' id='line_1_22' title="bbox 94 2114 1104 2196; baseline 0 -20"><span class='ocrx_word' id='word_1_168' title='bbox 94 2117 280 2177; x_wconf 87' lang='lat' dir='ltr'>celebrantur</span> <span class='ocrx_word' id='word_1_169' title='bbox 296 2119 326 2176; x_wconf 92' lang='lat' dir='ltr'>in</span> <span class='ocrx_word' id='word_1_170' title='bbox 341 2119 453 2179; x_wconf 91' lang='lat' dir='ltr'>minore</span> <span class='ocrx_word' id='word_1_171' title='bbox 476 2114 638 2195; x_wconf 85' lang='lat' dir='ltr'>Caesarea,</span> <span class='ocrx_word' id='word_1_172' title='bbox 659 2117 738 2194; x_wconf 89' lang='lat' dir='ltr'>Aua,</span> <span class='ocrx_word' id='word_1_173' title='bbox 759 2115 929 2196; x_wconf 89' lang='lat' dir='ltr'>Nicopolis,</span> <span class='ocrx_word' id='word_1_174' title='bbox 949 2117 978 2177; x_wconf 91' lang='lat' dir='ltr'>in</span> <span class='ocrx_word' id='word_1_175' title='bbox 993 2119 1104 2176; x_wconf 87' lang='lat' dir='ltr'>maiore</span> 
     </span>
     <span class='ocr_line' id='line_1_23' title="bbox 92 2199 1104 2282; baseline 0.001 -22"><span class='ocrx_word' id='word_1_176' title='bbox 92 2200 280 2262; x_wconf 84' lang='lat' dir='ltr'>Arsamosata</span> <span class='ocrx_word' id='word_1_177' title='bbox 304 2199 444 2280; x_wconf 86' lang='lat' dir='ltr'>Euphrati</span> <span class='ocrx_word' id='word_1_178' title='bbox 478 2205 657 2282; x_wconf 86' lang='lat' dir='ltr'>proximum,</span> <span class='ocrx_word' id='word_1_179' title='bbox 687 2200 767 2278; x_wconf 84' lang='lat' dir='ltr'>Tigri</span> <span class='ocrx_word' id='word_1_180' title='bbox 795 2199 1047 2275; x_wconf 89' lang='lat' dir='ltr'>Carcathiocerta‚</span> <span class='ocrx_word' id='word_1_181' title='bbox 1073 2202 1104 2261; x_wconf 93' lang='lat' dir='ltr'>in</span> 
     </span>
     <span class='ocr_line' id='line_1_24' title="bbox 95 2284 1104 2364; baseline 0 -20"><span class='ocrx_word' id='word_1_182' title='bbox 95 2284 215 2345; x_wconf 88' lang='lat' dir='ltr'>excelso</span> <span class='ocrx_word' id='word_1_183' title='bbox 227 2294 323 2345; x_wconf 89' lang='lat' dir='ltr'>autem</span> <span class='ocrx_word' id='word_1_184' title='bbox 338 2285 562 2363; x_wconf 80' lang='lat' dir='ltr'>Tigranocerta,</span> <span class='ocrx_word' id='word_1_185' title='bbox 577 2295 607 2346; x_wconf 87' lang='lat' dir='ltr'>at</span> <span class='ocrx_word' id='word_1_186' title='bbox 623 2289 653 2345; x_wconf 93' lang='lat' dir='ltr'>in</span> <span class='ocrx_word' id='word_1_187' title='bbox 664 2288 773 2364; x_wconf 87' lang='lat' dir='ltr'>campis</span> <span class='ocrx_word' id='word_1_188' title='bbox 789 2287 867 2345; x_wconf 87' lang='lat' dir='ltr'>iuxta</span> <span class='ocrx_word' id='word_1_189' title='bbox 883 2286 1002 2345; x_wconf 85' lang='lat' dir='ltr'>Araxen</span> <span class='ocrx_word' id='word_1_190' title='bbox 1018 2284 1104 2344; x_wconf 90' lang='lat' dir='ltr'>Arta·</span> 
     </span>
    </p>

    <p class='ocr_par' dir='ltr' id='par_1_11' title="bbox 55 2366 1156 2784">
     <span class='ocr_line' id='line_1_25' title="bbox 55 2366 1156 2451; baseline 0.004 -27"><span class='ocrx_word' id='word_1_191' title='bbox 55 2376 168 2426; x_wconf 76' lang='lat' dir='ltr'>uexata.</span> <span class='ocrx_word' id='word_1_192' title='bbox 204 2366 368 2428; x_wconf 87' lang='lat' dir='ltr'>Universae</span> <span class='ocrx_word' id='word_1_193' title='bbox 390 2369 614 2446; x_wconf 87' lang='lat' dir='ltr'>magnitudinem</span> <span class='ocrx_word' id='word_1_194' title='bbox 636 2368 767 2428; x_wconf 87' lang='lat' dir='ltr'>Aufidius</span> <span class='ocrx_word' id='word_1_195' title='bbox 790 2371 825 2451; x_wconf 70' lang='lat' dir='ltr'>p’n‘p</span> <span class='ocrx_word' id='word_1_196' title='bbox 854 2367 996 2445; x_wconf 91' lang='lat' dir='ltr'>prodidit,</span> <span class='ocrx_word' id='word_1_197' title='bbox 1020 2366 1104 2428; x_wconf 88' lang='lat' dir='ltr'>Clau·</span> <span class='ocrx_word' id='word_1_198' title='bbox 1122 2371 1156 2422; x_wconf 81' lang='lat'>2⁷</span> 
     </span>
     <span class='ocr_line' id='line_1_26' title="bbox 94 2448 1104 2529; baseline 0.001 -19"><span class='ocrx_word' id='word_1_199' title='bbox 94 2451 157 2510; x_wconf 87' lang='lat' dir='ltr'>dius</span> <span class='ocrx_word' id='word_1_200' title='bbox 175 2448 284 2510; x_wconf 89' lang='lat' dir='ltr'>Caesar</span> <span class='ocrx_word' id='word_1_201' title='bbox 299 2451 509 2529; x_wconf 85' lang='lat' dir='ltr'>longitudinem</span> <span class='ocrx_word' id='word_1_202' title='bbox 524 2471 539 2511; x_wconf 92' lang='lat' dir='ltr'>a</span> <span class='ocrx_word' id='word_1_203' title='bbox 554 2455 689 2512; x_wconf 89' lang='lat' dir='ltr'>Daseusa</span> <span class='ocrx_word' id='word_1_204' title='bbox 709 2450 744 2509; x_wconf 92' lang='lat' dir='ltr'>ad</span> <span class='ocrx_word' id='word_1_205' title='bbox 765 2452 918 2510; x_wconf 81' lang='lat' dir='ltr'>confinium</span> <span class='ocrx_word' id='word_1_206' title='bbox 933 2449 1031 2528; x_wconf 87' lang='lat' dir='ltr'>Caspii</span> <span class='ocrx_word' id='word_1_207' title='bbox 1047 2469 1104 2511; x_wconf 91' lang='lat' dir='ltr'>ma·</span> 
     </span>
     <span class='ocr_line' id='line_1_27' title="bbox 94 2532 1120 2617; baseline 0.005 -25"><span class='ocrx_word' id='word_1_208' title='bbox 94 2536 135 2593; x_wconf 92' lang='lat' dir='ltr'>ris</span> <span class='ocrx_word' id='word_1_209' title='bbox 149 2536 226 2617; x_wconf 64' lang='lat' dir='ltr'>isirin]</span> <span class='ocrx_word' id='word_1_210' title='bbox 241 2551 392 2612; x_wconf 88' lang='lat' dir='ltr'>passuum,</span> <span class='ocrx_word' id='word_1_211' title='bbox 412 2535 592 2595; x_wconf 89' lang='lat' dir='ltr'>latitudinem</span> <span class='ocrx_word' id='word_1_212' title='bbox 612 2533 756 2594; x_wconf 89' lang='lat' dir='ltr'>dimidium</span> <span class='ocrx_word' id='word_1_213' title='bbox 780 2535 843 2593; x_wconf 91' lang='lat' dir='ltr'>eius</span> <span class='ocrx_word' id='word_1_214' title='bbox 865 2552 880 2593; x_wconf 90' lang='lat' dir='ltr'>a</span> <span class='ocrx_word' id='word_1_215' title='bbox 896 2532 1120 2612; x_wconf 84' lang='lat' dir='ltr'>Tigranocerta.</span> 
     </span>
     <span class='ocr_line' id='line_1_28' title="bbox 94 2617 1104 2697; baseline 0.001 -21"><span class='ocrx_word' id='word_1_216' title='bbox 94 2618 128 2676; x_wconf 91' lang='lat' dir='ltr'>ad</span> <span class='ocrx_word' id='word_1_217' title='bbox 150 2617 307 2679; x_wconf 87' lang='lat' dir='ltr'>Hiberiam.</span> <span class='ocrx_word' id='word_1_218' title='bbox 345 2618 501 2695; x_wconf 83' lang='lat' dir='ltr'>dividitur,</span> <span class='ocrx_word' id='word_1_219' title='bbox 526 2619 602 2697; x_wconf 89' lang='lat' dir='ltr'>quod</span> <span class='ocrx_word' id='word_1_220' title='bbox 624 2625 734 2678; x_wconf 84' lang='lat' dir='ltr'>certum</span> <span class='ocrx_word' id='word_1_221' title='bbox 756 2626 819 2694; x_wconf 88' lang='lat' dir='ltr'>est,</span> <span class='ocrx_word' id='word_1_222' title='bbox 844 2619 873 2676; x_wconf 93' lang='lat' dir='ltr'>in</span> <span class='ocrx_word' id='word_1_223' title='bbox 893 2619 1104 2695; x_wconf 81' lang='lat' dir='ltr'>praefecturas,</span> 
     </span>
     <span class='ocr_line' id='line_1_29' title="bbox 95 2701 1105 2784; baseline 0.002 -24"><span class='ocrx_word' id='word_1_224' title='bbox 95 2720 165 2779; x_wconf 87' lang='lat' dir='ltr'>quas</span> <span class='ocrx_word' id='word_1_225' title='bbox 183 2701 381 2784; x_wconf 78' lang='grc' dir='ltr'><strong><em>στρατηγίας</em></strong></span> <span class='ocrx_word' id='word_1_226' title='bbox 395 2710 517 2779; x_wconf 88' lang='lat' dir='ltr'>vocant,</span> <span class='ocrx_word' id='word_1_227' title='bbox 539 2702 675 2781; x_wconf 87' lang='lat' dir='ltr'>quasdam</span> <span class='ocrx_word' id='word_1_228' title='bbox 698 2720 735 2762; x_wconf 84' lang='lat' dir='ltr'>ex</span> <span class='ocrx_word' id='word_1_229' title='bbox 749 2702 794 2761; x_wconf 93' lang='lat' dir='ltr'>his</span> <span class='ocrx_word' id='word_1_230' title='bbox 810 2701 858 2762; x_wconf 89' lang='lat' dir='ltr'>vel</span> <span class='ocrx_word' id='word_1_231' title='bbox 880 2702 992 2779; x_wconf 87' lang='lat' dir='ltr'>singula</span> <span class='ocrx_word' id='word_1_232' title='bbox 1013 2720 1105 2779; x_wconf 87' lang='lat' dir='ltr'>regna</span> 
     </span>
    </p>

    <p class='ocr_par' dir='ltr' id='par_1_12' title="bbox 56 2783 1156 3199">
     <span class='ocr_line' id='line_1_30' title="bbox 56 2783 1104 2864; baseline 0.006 -24"><span class='ocrx_word' id='word_1_233' title='bbox 56 2786 254 2864; x_wconf 83' lang='lat' dir='ltr'>eoquondam,</span> <span class='ocrx_word' id='word_1_234' title='bbox 282 2786 414 2847; x_wconf 88' lang='lat' dir='ltr'>barbaris</span> <span class='ocrx_word' id='word_1_235' title='bbox 434 2788 596 2847; x_wconf 91' lang='lat' dir='ltr'>nominibus</span> <span class='ocrx_word' id='word_1_236' title='bbox 624 2783 713 2847; x_wconf 87' lang='lat' dir='ltr'>CXX.</span> <span class='ocrx_word' id='word_1_237' title='bbox 745 2785 878 2847; x_wconf 90' lang='lat' dir='ltr'>claudunt</span> <span class='ocrx_word' id='word_1_238' title='bbox 903 2805 965 2846; x_wconf 92' lang='lat' dir='ltr'>eam</span> <span class='ocrx_word' id='word_1_239' title='bbox 989 2797 1104 2846; x_wconf 90' lang='lat' dir='ltr'>montes</span> 
     </span>
     <span class='ocr_line' id='line_1_31' title="bbox 95 2868 1103 2948; baseline 0.003 -21"><span class='ocrx_word' id='word_1_240' title='bbox 95 2871 130 2928; x_wconf 86' lang='lat' dir='ltr'>ab</span> <span class='ocrx_word' id='word_1_241' title='bbox 147 2873 280 2948; x_wconf 90' lang='lat' dir='ltr'>oriente,</span> <span class='ocrx_word' id='word_1_242' title='bbox 304 2869 356 2931; x_wconf 90' lang='lat' dir='ltr'>sed</span> <span class='ocrx_word' id='word_1_243' title='bbox 376 2888 435 2931; x_wconf 93' lang='lat' dir='ltr'>non</span> <span class='ocrx_word' id='word_1_244' title='bbox 454 2872 565 2947; x_wconf 87' lang='lat' dir='ltr'>statim,</span> <span class='ocrx_word' id='word_1_245' title='bbox 582 2868 735 2948; x_wconf 90' lang='lat' dir='ltr'>Ceraunii,</span> <span class='ocrx_word' id='word_1_246' title='bbox 757 2889 813 2930; x_wconf 93' lang='lat' dir='ltr'>nec</span> <span class='ocrx_word' id='word_1_247' title='bbox 834 2870 987 2943; x_wconf 89' lang='lat' dir='ltr'>Adiabene</span> <span class='ocrx_word' id='word_1_248' title='bbox 1008 2873 1103 2948; x_wconf 85' lang='lat' dir='ltr'>regio.</span> 
     </span>
     <span class='ocr_line' id='line_1_32' title="bbox 96 2950 1156 3034; baseline -0.003 -22"><span class='ocrx_word' id='word_1_249' title='bbox 96 2950 180 3023; x_wconf 84' lang='lat' dir='ltr'>Quod</span> <span class='ocrx_word' id='word_1_250' title='bbox 195 2956 318 3016; x_wconf 87' lang='lat' dir='ltr'>interest</span> <span class='ocrx_word' id='word_1_251' title='bbox 332 2957 407 3033; x_wconf 89' lang='lat' dir='ltr'>spati</span> <span class='ocrx_word' id='word_1_252' title='bbox 423 2952 555 3034; x_wconf 87' lang='lat' dir='ltr'>Cepheni</span> <span class='ocrx_word' id='word_1_253' title='bbox 574 2962 684 3018; x_wconf 84' lang='lat' dir='ltr'>tenent.</span> <span class='ocrx_word' id='word_1_254' title='bbox 725 2954 760 3014; x_wconf 92' lang='lat' dir='ltr'>ab</span> <span class='ocrx_word' id='word_1_255' title='bbox 780 2954 824 3014; x_wconf 93' lang='lat' dir='ltr'>his</span> <span class='ocrx_word' id='word_1_256' title='bbox 838 2957 905 3031; x_wconf 85' lang='lat' dir='ltr'>iuga</span> <span class='ocrx_word' id='word_1_257' title='bbox 926 2954 1001 3013; x_wconf 88' lang='lat' dir='ltr'>ultra</span> <span class='ocrx_word' id='word_1_258' title='bbox 1017 2953 1103 3013; x_wconf 88' lang='lat' dir='ltr'>Adia·</span> <span class='ocrx_word' id='word_1_259' title='bbox 1121 2954 1156 3007; x_wconf 86' lang='lat'>28</span> 
     </span>
     <span class='ocr_line' id='line_1_33' title="bbox 96 3037 1106 3118; baseline 0.002 -23"><span class='ocrx_word' id='word_1_260' title='bbox 96 3037 164 3096; x_wconf 90' lang='lat' dir='ltr'>beni</span> <span class='ocrx_word' id='word_1_261' title='bbox 187 3047 307 3114; x_wconf 85' lang='lat' dir='ltr'>tenent,</span> <span class='ocrx_word' id='word_1_262' title='bbox 334 3058 389 3117; x_wconf 90' lang='lat' dir='ltr'>per</span> <span class='ocrx_word' id='word_1_263' title='bbox 413 3039 563 3099; x_wconf 83' lang='lat' dir='ltr'>convalles</span> <span class='ocrx_word' id='word_1_264' title='bbox 584 3047 680 3099; x_wconf 90' lang='lat' dir='ltr'>autem</span> <span class='ocrx_word' id='word_1_265' title='bbox 702 3038 826 3118; x_wconf 89' lang='lat' dir='ltr'>proximi</span> <span class='ocrx_word' id='word_1_266' title='bbox 858 3039 1014 3098; x_wconf 88' lang='lat' dir='ltr'>Armeniae</span> <span class='ocrx_word' id='word_1_267' title='bbox 1040 3046 1106 3098; x_wconf 90' lang='lat' dir='ltr'>sunt</span> 
     </span>
     <span class='ocr_line' id='line_1_34' title="bbox 96 3119 1105 3199; baseline 0.001 -20"><span class='ocrx_word' id='word_1_268' title='bbox 96 3119 265 3190; x_wconf 81' lang='lat' dir='ltr'>Menobardi</span> <span class='ocrx_word' id='word_1_269' title='bbox 288 3131 319 3182; x_wconf 92' lang='lat' dir='ltr'>et</span> <span class='ocrx_word' id='word_1_270' title='bbox 334 3120 493 3183; x_wconf 90' lang='lat' dir='ltr'>Moscheni.</span> <span class='ocrx_word' id='word_1_271' title='bbox 532 3122 706 3183; x_wconf 91' lang='lat' dir='ltr'>Adiabenen</span> <span class='ocrx_word' id='word_1_272' title='bbox 728 3121 825 3199; x_wconf 87' lang='lat' dir='ltr'>Tigris</span> <span class='ocrx_word' id='word_1_273' title='bbox 847 3129 876 3181; x_wconf 91' lang='lat' dir='ltr'>et</span> <span class='ocrx_word' id='word_1_274' title='bbox 897 3131 1011 3182; x_wconf 90' lang='lat' dir='ltr'>montes</span> <span class='ocrx_word' id='word_1_275' title='bbox 1035 3123 1105 3181; x_wconf 83' lang='lat' dir='ltr'>invii</span> 
     </span>
    </p>

    <p class='ocr_par' dir='ltr' id='par_1_13' title="bbox 56 3205 1153 3530">
     <span class='ocr_line' id='line_1_35' title="bbox 56 3205 1105 3285; baseline 0.002 -24"><span class='ocrx_word' id='word_1_276' title='bbox 56 3205 222 3282; x_wconf 77' lang='lat' dir='ltr'>accingunt.</span> <span class='ocrx_word' id='word_1_277' title='bbox 268 3205 314 3266; x_wconf 93' lang='lat' dir='ltr'>Ab</span> <span class='ocrx_word' id='word_1_278' title='bbox 332 3206 414 3267; x_wconf 89' lang='lat' dir='ltr'>laeva</span> <span class='ocrx_word' id='word_1_279' title='bbox 438 3209 500 3267; x_wconf 89' lang='lat' dir='ltr'>eius</span> <span class='ocrx_word' id='word_1_280' title='bbox 517 3208 601 3285; x_wconf 88' lang='lat' dir='ltr'>regio</span> <span class='ocrx_word' id='word_1_281' title='bbox 621 3206 772 3266; x_wconf 85' lang='lat' dir='ltr'>Medorum</span> <span class='ocrx_word' id='word_1_282' title='bbox 794 3214 840 3265; x_wconf 89' lang='lat' dir='ltr'>est</span> <span class='ocrx_word' id='word_1_283' title='bbox 861 3205 896 3264; x_wconf 91' lang='lat' dir='ltr'>ad</span> <span class='ocrx_word' id='word_1_284' title='bbox 917 3214 1105 3284; x_wconf 89' lang='lat' dir='ltr'>prospectum</span> 
     </span>
     <span class='ocr_line' id='line_1_36' title="bbox 98 3285 1141 3368; baseline 0.003 -21"><span class='ocrx_word' id='word_1_285' title='bbox 98 3285 194 3367; x_wconf 87' lang='lat' dir='ltr'>Caspii</span> <span class='ocrx_word' id='word_1_286' title='bbox 208 3291 303 3350; x_wconf 90' lang='lat' dir='ltr'>maris.</span> <span class='ocrx_word' id='word_1_287' title='bbox 326 3308 363 3350; x_wconf 86' lang='lat' dir='ltr'>ex</span> <span class='ocrx_word' id='word_1_288' title='bbox 375 3308 486 3352; x_wconf 91' lang='lat' dir='ltr'>oceano</span> <span class='ocrx_word' id='word_1_289' title='bbox 498 3289 564 3368; x_wconf 91' lang='lat' dir='ltr'>hoc,</span> <span class='ocrx_word' id='word_1_290' title='bbox 579 3299 611 3350; x_wconf 92' lang='lat' dir='ltr'>ut</span> <span class='ocrx_word' id='word_1_291' title='bbox 625 3307 679 3349; x_wconf 91' lang='lat' dir='ltr'>suo</span> <span class='ocrx_word' id='word_1_292' title='bbox 697 3289 765 3349; x_wconf 89' lang='lat' dir='ltr'>loco</span> <span class='ocrx_word' id='word_1_293' title='bbox 782 3288 921 3366; x_wconf 89' lang='lat' dir='ltr'>dicemus,</span> <span class='ocrx_word' id='word_1_294' title='bbox 936 3289 1105 3365; x_wconf 91' lang='lat' dir='ltr'>infunditur,</span> <span class='ocrx_word' id='word_1_295' title='bbox 1118 3314 1141 3350; x_wconf 79' lang='lat' dir='ltr'>aa</span> 
     </span>
     <span class='ocr_line' id='line_1_37' title="bbox 97 3371 1153 3452; baseline 0.004 -23"><span class='ocrx_word' id='word_1_296' title='bbox 97 3381 245 3452; x_wconf 85' lang='lat' dir='ltr'>totumque</span> <span class='ocrx_word' id='word_1_297' title='bbox 258 3371 405 3435; x_wconf 89' lang='lat' dir='ltr'>Caucasiis</span> <span class='ocrx_word' id='word_1_298' title='bbox 417 3375 563 3435; x_wconf 89' lang='lat' dir='ltr'>montibus</span> <span class='ocrx_word' id='word_1_299' title='bbox 581 3376 714 3451; x_wconf 82' lang='lat' dir='ltr'>cingitur.</span> <span class='ocrx_word' id='word_1_300' title='bbox 743 3371 934 3451; x_wconf 87' lang='lat' dir='ltr'>Incolaeper</span> <span class='ocrx_word' id='word_1_301' title='bbox 951 3373 1106 3433; x_wconf 88' lang='lat' dir='ltr'>confinium</span> <span class='ocrx_word' id='word_1_302' title='bbox 1150 3439 1153 3445; x_wconf 59' lang='grc'><em>,</em></span> 
     </span>
     <span class='ocr_line' id='line_1_38' title="bbox 95 3455 495 3530; baseline 0.013 -16"><span class='ocrx_word' id='word_1_303' title='bbox 95 3455 250 3518; x_wconf 89' lang='lat' dir='ltr'>Armeniae</span> <span class='ocrx_word' id='word_1_304' title='bbox 267 3476 340 3530; x_wconf 88' lang='lat' dir='ltr'>nnnc</span> <span class='ocrx_word' id='word_1_305' title='bbox 355 3457 495 3520; x_wconf 86' lang='lat' dir='ltr'>dicentur.</span> 
     </span>
    </p>
   </div>
   <div class='ocr_carea' id='block_1_3' title="bbox 0 0 1208 3856">
    <p class='ocr_par' dir='ltr' id='par_1_14' title="bbox 0 0 1208 3856">
     <span class='ocr_line' id='line_1_39' title="bbox 0 0 1208 3856; baseline 0 0"><span class='ocrx_word' id='word_1_306' title='bbox 0 0 1208 3856; x_wconf 95' lang='lat' dir='ltr'> </span> 
     </span>
    </p>
   </div>
  </div>
 </body>
</html>
