2400 3856
142 130 183 193 72
509 139 539 189 c.
562 141 658 188 enum
678 140 827 188 suenum

142 299 249 377 primus
270 294 448 372 Endymion,
472 295 510 354 ob
535 297 563 357 id
586 312 685 355 amore
708 295 770 354 eius
793 302 894 371 captus
913 295 988 355 lama
1011 297 1142 357 traditus.

142 382 208 441 Non
222 398 319 442 sumus
334 380 469 478 proiecto
485 381 560 456 grati
576 397 646 458 erga
662 395 714 438 eos
731 379 779 457 qui
790 377 893 438 labore
906 396 1034 457 curaque
1046 380 1145 442 lucem

143 464 226 526 nobis
237 482 395 563 ‘aperuere
419 464 448 523 in
469 463 525 523 hac
547 464 629 540 luce,
652 464 781 541 miraque
802 461 946 521 humaui
938 465 1036 539 rugeni
1058 473 1144 542 peste

143 549 312 627 sanguineus
327 557 356 608 et
368 545 476 608 caedes
488 547 616 608 condere
631 546 781 606 annalibus
797 547 889 620 iuvat,
914 554 945 604 ut
960 545 1075 608 scelera
1091 548 1143 608 ho·

101 634 245 698 caminum
266 640 422 692 noscantur
444 631 569 691 mundi
561 632 651 711 rpsius
673 630 790 707 ignaris.
826 626 960 689 Proxima
982 648 1056 707 ergo
1081 649 1143 692 oar·
1157 658 1172 696 5

143 716 200 777 dini
208 716 360 795 ,ideoque
376 715 495 778 minimo
515 714 640 788 ambitu,
662 714 772 773 vicenis
788 713 890 772 diebus
906 715 1095 793 septenisque
1115 725 1146 776 et

142 801 227 860 tertia
250 799 307 859 diei
329 808 428 877 parte,
451 800 567 877 peragit
587 797 680 875 spatia
706 797 808 857 eadem
828 814 904 875 quae
922 798 1037 856 Saturni
1064 797 1145 858 sidus

112 883 310 944 coaltissimum
325 883 452 959 triginta,
467 890 498 940 ut
513 881 619 941 dictum
634 889 690 956 est,
709 882 799 940 annis.
819 880 886 939 dein
899 888 1009 940 morata
1024 881 1053 939 in
1065 882 1144 941 coitu

142 966 214 1026 solis
229 965 329 1064 biduo,
345 983 409 1025 curn
423 964 603 1041 tardissime,
625 982 642 1023 a
661 964 809 1024 tricesima
823 962 890 1023 luce
911 982 1010 1023 rursus
1025 964 1062 1025 ad
1078 983 1142 1025 eas·

142 1049 246 1110 dem
219 1067 299 1109 noes
310 1050 385 1123 exit,
407 1046 476 1108 haut
493 1048 555 1108 scio
572 1065 609 1109 an
625 1048 749 1107 omnium
764 1048 883 1125 quaein
898 1047 983 1107 caelo
1001 1050 1141 1126 pernosci
1154 1068 1182 1108 ro

141 1140 297 1211 potuerunt
313 1092 458 1208 magistra,
481 1132 510 1191 in
524 1131 927 1208 duodecimmeusiumspatia
944 1140 1083 1215 oportere
1101 1132 1142 1192 di-

142 1215 199 1275 vidi
219 1232 336 1291 annum,
360 1214 497 1292 quando
488 1232 582 1292 ipsum
596 1216 702 1274 totiens
718 1213 811 1273 solem
826 1214 996 1275 redeuntem
1011 1209 1048 1274 ad
1064 1217 1142 1313 prin-

95 1299 217 1376 4501pra
233 1300 429 1377 consequitur.
453 1298 525 1358 solis
541 1297 657 1375 fulgore
697 1298 716 1337 *
743 1295 760 1332 *
795 1297 909 1374 reliqua
924 1293 1142 1376 siderumregi,

140 1381 308 1460 siquidem
299 1401 328 1443 m
343 1391 432 1442 toturn
447 1390 571 1443 mutuata
587 1382 623 1442 ab
639 1399 677 1442 eo
691 1381 759 1443 luce
773 1379 903 1458 luigero,
922 1382 1060 1461 qualem
1052 1400 1081 1441 m
1096 1400 1142 1442 re·

140 1483 283 1544 percussu
299 1483 392 1545 aquae
408 1464 531 1526 volitare
549 1465 751 1544 conspicimus.
775 1465 841 1524 ideo
857 1465 991 1527 molliore
1004 1474 1033 1524 et
1045 1467 1166 1544 inpar-r
1156 1487 1185 1528 ιιι

140 1549 218 1610 lecta
237 1550 266 1609 vi
281 1550 400 1610 solvere
421 1557 529 1610 tanturn
550 1566 679 1609 umorem
694 1557 781 1627 atque
802 1549 887 1608 etiam
902 1567 1029 1626 augere,
1055 1568 1142 1628 quern

141 1633 212 1692 solis
227 1632 301 1693 radii
316 1632 478 1705 absumant,
505 1633 571 1693 ideo
588 1641 618 1692 et
632 1631 778 1709 inaequali
797 1632 903 1692 lumine
918 1633 1048 1710 adspici,
1074 1634 1144 1712 quia

142 1734 180 1776 ex
197 1717 320 1776 adverso
343 1717 455 1777 dentum
469 1716 556 1795 plena
571 1717 690 1795 reliquis
711 1713 813 1775 diebus
829 1723 936 1775 tantum
950 1734 988 1775 ex
1004 1735 1038 1774 se
1054 1717 1142 1775 terris

142 1800 276 1867 ostendat
300 1809 434 1879 quantum
456 1819 494 1860 ex
517 1801 583 1860 sole
606 1801 669 1879 ipsa
689 1799 842 1876 concipiat.
874 1799 902 1857 in
925 1800 1002 1859 coitu
1024 1799 1143 1877 quidem

141 1885 306 1958 concerni,
323 1884 604 1963 quoniamhaustum
621 1900 734 1942 omnem
755 1881 828 1941 lucis
854 1896 959 1942 aversa
984 1881 1035 1943 illo
1054 1900 1142 1959 rege·
1153 1903 1183 1945 ao

96 1980 131 2029 46
140 1975 185 2026 rat
199 1967 276 2027 unde
301 1969 459 2046 acceperit.
487 1968 583 2026 sidera
599 1983 671 2026 vero
693 1965 761 2026 baut
790 1964 876 2025 dubie
898 1982 999 2024 umore
1023 1974 1143 2025 terreno

140 2050 240 2127 pasci,
267 2051 333 2127 quia
357 2050 472 2111 dimidio
494 2050 566 2109 orbe
589 2066 798 2126 nonnumquam
821 2048 969 2108 maculosa
995 2057 1143 2124 cernatur,

141 2130 255 2190 scilicet
270 2132 394 2191 nondum
409 2142 585 2211 suppetente
597 2133 633 2192 ad
647 2131 834 2191 hauriendum
849 2131 925 2192 ultra
939 2132 1065 2207 instari,
1084 2149 1144 2191 ma-

47 2267 50 2271 .
142 2212 222 2274 culas
246 2216 320 2274 enim
342 2232 400 2274 non
425 2215 589 2276 aliudesse
613 2232 697 2294 quam
715 2223 813 2274 terrae
835 2223 934 2292 raptas
958 2233 1023 2274 cnm
1040 2231 1144 2274 umore

99 2296 592 2361 ttsordes.10.defectuusautem
613 2315 683 2357 suos
704 2306 734 2356 et
755 2298 842 2373 solis,
866 2316 928 2357 rem
946 2298 975 2357 in
991 2307 1053 2358 tota
1073 2316 1183 2359 con-as

142 2380 331 2459 templatione
346 2390 465 2442 naturae
480 2385 603 2443 maxime
628 2383 728 2442 miram
747 2389 776 2440 et
791 2387 906 2440 ostento
922 2381 1061 2456 similem,
1084 2399 1142 2440 ma-

140 2460 318 2542 gnitudinum
339 2464 517 2545 umbraeque
538 2466 648 2526 indices
670 2465 824 2524 exsistere.
858 2463 909 2544 (7)
927 2464 1036 2543 quippe
1053 2463 1143 2523 maul-

142 2549 247 2607 iestum
262 2556 308 2607 est
324 2549 418 2608 solem
437 2550 598 2620 interventu
617 2550 702 2609 lunae
718 2547 860 2608 occultari
875 2546 1030 2627 lunamque
1045 2554 1144 2607 terrae

142 2630 275 2705 obiectu,
303 2649 338 2691 ac
352 2632 434 2693 vices
451 2633 533 2693 reddi
549 2633 670 2693 eosdem
685 2631 757 2691 solis
772 2631 870 2690 radios
886 2630 953 2690 luna
968 2631 1144 2709 interpositu

142 2729 194 2771 suo
211 2712 362 2773 auferente
383 2722 480 2774 terrae
502 2725 638 2793 terraque
654 2714 749 2774 lunae.
780 2712 835 2774 bac
850 2713 993 2773 subeunte
1013 2713 1181 2792 repenti-ao

141 2813 192 2855 nas
216 2795 322 2855 obduci
344 2796 480 2857 tenebras
501 2815 672 2876 rursumque
689 2797 766 2856 illius
785 2796 886 2857 umbra
904 2797 982 2857 sidus
998 2796 1146 2876 hebetari,

140 2896 236 2958 neque
249 2879 405 2940 aliudesse
418 2888 533 2941 noctem
549 2899 634 2961 quam
645 2889 742 2941 terrae
758 2880 896 2956 umbram,
912 2881 1032 2957 liguram
1047 2889 1144 2941 autem

140 2963 258 3024 umbrae
280 2963 403 3024 similem
424 2974 519 3025 metae
541 2984 576 3025 ac
598 2965 704 3025 turbini
724 2966 853 3040 inverso,
875 2964 988 3042 quomo
1003 2979 1144 3024 mucrone

141 3056 248 3108 tantum
270 3049 384 3126 ingruat
409 3067 506 3128 neque
527 3048 611 3110 lunae
638 3048 763 3109 excedat
785 3046 979 3122 altitudinem,
1008 3047 1144 3126 quoniam

141 3131 249 3192 nullum
271 3132 349 3192 aliud
373 3133 451 3194 sidus
479 3133 582 3193 eodem
603 3134 690 3193 modo
716 3131 890 3192 obscuretur
912 3140 941 3191 et
960 3128 1028 3190 talis
1050 3130 1177 3208 figurans

99 3221 258 3295 lesemper
272 3233 410 3276 mucrone
426 3216 550 3277 deficiat.
574 3217 675 3294 Spatio
690 3215 807 3294 quidem
822 3231 952 3274 consumi
944 3213 1110 3273 ''umbras
1101 3231 1142 3272 rn-

143 3300 219 3359 dicio
245 3308 311 3360 sunt
331 3301 482 3361 volucrum
503 3299 627 3398 praealti
648 3298 790 3360 volatuus.
808 3314 889 3376 ergo
903 3296 1058 3358 confinium
1085 3294 1141 3356 illis

143 3390 189 3441 est
212 3385 287 3443 aeris
311 3384 449 3445 terminus
475 3383 641 3461 initiumque
668 3381 804 3443 aetheris.
834 3399 923 3460 supra
951 3381 1047 3441 lunam
1071 3394 1143 3457 pura
