2400 3856
289 193 368 243 unr.
388 196 478 244 essu.
502 197 539 244 11.
561 191 680 254 oo-sa
704 189 844 262 (su-ae.)
1027 186 1070 250 95

57 348 279 431 precationibus
290 348 339 408 vel
351 351 418 427 cogi
430 349 547 410 fulmina
557 350 606 411 vel
618 353 768 430 inpetrari.
793 355 886 413 Vetus
897 354 970 414 fama
981 353 1066 414 Etru·

58 437 121 495 riae
131 431 1066 514 estinpetratum,Volsiniosurbemdepopulatisagrissubeunte

57 527 190 579 monstro
219 516 295 595 quod
320 534 467 578 vocavere
495 517 629 595 Voltam,
654 528 805 578 evocatum
827 538 843 580 a
865 520 987 582 Porsina
1012 540 1065 582 suo

58 620 143 680 rege.
181 599 218 661 Et
235 609 301 660 ante
320 619 383 660 eum
399 619 414 660 a
429 600 520 662 Numa
537 603 655 681 saepius
670 601 728 662 boc
743 603 911 664 facilitatum
927 608 955 666 in
971 607 1064 683 primo

35 703 49 745 t
57 684 201 761 annalium
223 701 340 745 suorum
366 686 454 745 tradit
472 684 504 744 L.
527 684 617 763 Piso,
640 688 739 763 gravis
760 696 878 763 auctor,
907 689 984 767 quod
1005 691 1065 748 imi·

57 778 147 831 tatum
166 786 267 848 parum
288 769 345 828 rite
364 767 488 828 Tullium
508 767 663 829 Hostilium
684 772 771 831 ictum
790 771 918 832 fulmine.
956 771 1064 834 Lucos·

57 871 116 932 que
132 861 163 913 et
179 870 243 912 aras
260 859 291 912 et
306 869 389 912 sacra
404 851 555 930 babemus,
571 854 706 933 interque
722 854 854 915 Statores
870 874 903 915 ac
919 855 1067 917 Tonantes

58 945 89 998 et
101 937 255 998 Feretrios
267 933 390 995 Elisium
406 954 523 1015 quoque
535 940 699 1016 accepimus
709 938 819 999 lovem.
846 938 935 999 Varia
950 942 980 999 in
994 939 1050 1000 boo
1061 949 1107 1001 144

58 1022 137 1081 vitae
153 1020 298 1080 sententia
316 1028 346 1079 et
362 1037 417 1098 pro
433 1023 573 1099 cuiusque
587 1025 691 1083 animo.
722 1022 870 1100 Imperare
886 1032 1005 1085 naturae
1022 1042 1066 1084 sa-

20 1122 106 1164 mera
127 1104 242 1164 audacis
258 1111 303 1164 est
320 1103 461 1181 eredere,
486 1123 541 1164 nec
562 1107 654 1166 minus
672 1105 790 1166 bebetis
811 1107 961 1168 veneficiis
982 1107 1066 1168 abro-

56 1206 130 1266 gare
150 1188 248 1266 vires,
274 1187 387 1265 quando
407 1191 437 1247 in
459 1187 603 1266 fulgurum
625 1207 742 1268 quoque
760 1193 1005 1269 interpretatione
1027 1209 1065 1252 eo

56 1272 185 1351 profecit
208 1272 330 1331 seientia
351 1280 382 1330 ut
405 1280 528 1331 ventura
550 1272 605 1332 alia
627 1273 709 1333 linito
733 1273 779 1334 die
800 1276 950 1352 praecinat
973 1284 1004 1334 et
1028 1294 1064 1336 an

56 1364 245 1434 peremptura
265 1356 322 1414 sint
339 1356 428 1414 latum
450 1363 498 1415 eut
518 1364 655 1434 apertura
672 1359 752 1434 prius
774 1356 828 1416 alia
852 1358 1003 1437 fataquae
1023 1359 1064 1419 la·

56 1447 149 1516 teant,
171 1438 428 1498 innumerabilibus
451 1440 480 1497 in
495 1447 621 1517 utroque
636 1439 759 1518 publicis
776 1441 955 1518 privatisque
972 1460 1063 1519 expe·

16 1521 47 1582 'rs
56 1523 198 1583 rimantis.
228 1521 415 1600 quamobrem
431 1523 488 1582 sint
502 1523 559 1583 ista
573 1530 605 1581 ut
620 1540 716 1582 rerum
733 1532 852 1582 naturae
870 1523 969 1600 libuit,
992 1525 1062 1584 alias

26 1622 31 1630 ·
56 1614 139 1668 certa
153 1606 224 1666 alias
240 1606 337 1684 dubia,
356 1606 421 1666 aliis
435 1606 558 1685 probata
575 1606 639 1666 aliis
654 1606 819 1683 damnanda,
836 1624 890 1666 nos
907 1607 944 1666 de
960 1615 1062 1667 cetero

57 1704 132 1769 quae
148 1698 214 1750 sunt
229 1691 259 1749 in
274 1690 319 1749 bis
335 1689 534 1750 memorabilia
552 1707 610 1749 non
625 1691 798 1750 omittemus.

119 1771 170 1836 54.
193 1771 277 1852 (55.)
301 1773 471 1851 Fulgetrum
491 1775 572 1852 prius
588 1776 668 1833 cerni
685 1791 767 1852 quam
787 1776 924 1833 tonitrum
940 1775 1104 1850 audiri,142

57 1874 121 1919 cum
135 1856 218 1918 simul
233 1859 318 1935 bant,
342 1865 452 1918 certum
469 1865 525 1933 est,
546 1875 600 1916 nec
615 1858 726 1935 mirum,
751 1859 885 1935 quoniam
900 1858 950 1916 lux
966 1859 1063 1918 sonitu

20 1942 200 2010 sovolooior.
235 1943 322 2002 ictum
342 1949 439 2001 autem
460 1949 491 2001 et
511 1942 636 2001 sonitum
651 1957 816 2018 congruere
838 1942 879 2000 ita
895 1941 1062 2002 modulante

58 2033 173 2102 natura,
189 2025 241 2086 sed
257 2026 382 2085 sonitum
396 2026 522 2104 profecti
538 2043 606 2086 esse
621 2025 764 2104 fulminis,
780 2042 838 2085 non
853 2025 944 2085 inlati.
963 2027 1060 2086 etiam·

56 2128 123 2168 num
139 2110 269 2188 spiritum
290 2111 417 2171 ociorem
431 2109 565 2187 fulmine,
587 2108 655 2170 ideo
670 2110 748 2187 quati
770 2111 850 2187 prius
869 2127 953 2171 omne
970 2119 1000 2170 et
1015 2110 1062 2170 ad-

57 2192 120 2252 flari
136 2210 220 2272 quam
235 2195 366 2271 percuti,
390 2212 445 2253 nec
466 2211 636 2272 quemquam
653 2194 733 2270 tangi
756 2194 803 2271 qui
820 2191 931 2276 [prior]
954 2195 1060 2254 viderit

55 2275 163 2337 fulmen
181 2284 228 2336 aut
244 2278 381 2336 tonitrum
399 2277 530 2336 audierit.
569 2276 663 2336 Laeva
681 2294 825 2354 prospera
849 2280 1059 2354 existimantur,

19 2362 189 2439 aequoniam
204 2359 287 2418 laeva
303 2367 385 2436 parte
401 2358 496 2417 mundi
510 2367 590 2418 ortus
608 2368 661 2418 est.
696 2377 750 2418 nec
768 2367 825 2418 tam
839 2360 979 2419 adventus
994 2378 1061 2437 spe·

56 2450 150 2504 ctatur
176 2460 260 2520 quarn
280 2441 411 2516 reditus,
434 2442 498 2499 sive
518 2441 555 2499 ab
579 2442 638 2500 ictu
660 2439 755 2500 resilit
777 2442 853 2517 ignis
875 2443 940 2501 sive
967 2459 1059 2518 opere

54 2527 194 2589 conlecto
215 2533 263 2582 aut
284 2525 353 2600 igne
375 2531 546 2601 consumpto
567 2525 687 2601 spiritus
707 2532 827 2584 remeat.
862 2524 895 2584 In
914 2525 1040 2585 sedecim
1053 2533 1101 2584 143

53 2617 157 2691 partes
178 2608 289 2669 caelum
308 2609 338 2666 in
354 2623 390 2667 eo
412 2614 515 2684 spectu
530 2605 658 2666 divisere
677 2606 773 2666 Tusci.
805 2609 895 2687 prima
916 2617 962 2669 est
979 2626 996 2668 a
1012 2629 1057 2670 se-

54 2690 272 2774 ptentrionibus
290 2690 326 2750 ed
346 2690 586 2769 aequinoctialem
608 2699 757 2767 exortum,
780 2693 906 2753 secunda
925 2693 960 2752 ad
975 2695 1059 2754 meri·

18 2797 45 2838 so
55 2778 142 2855 diem,
157 2777 244 2836 tertia
260 2775 295 2836 ed
311 2775 552 2854 aequinoctialem
568 2792 717 2850 occasum,
733 2784 834 2853 quarta
851 2778 964 2856 optinet
982 2778 1059 2857 quod

55 2862 197 2939 reliquum
213 2867 259 2920 est
274 2860 309 2921 ab
327 2877 432 2920 occasu
447 2858 482 2919 ad
499 2861 737 2937 septentrionem.
762 2860 813 2920 bas
828 2862 930 2921 iterum
946 2864 975 2920 in
991 2880 1058 2939 qua·

55 2954 153 3006 ternas
171 2944 298 3005 divisere
316 2952 432 3023 partes,
458 2942 619 3020 exquibus
639 2951 707 3003 octo
727 2944 763 3004 ab
785 2954 889 3004 exortu
912 2946 1057 3021 sinistras,

15 3054 18 3059 ·
55 3028 175 3090 totidem
191 3047 207 3087 e
222 3030 368 3088 contrario
382 3026 570 3106 appellavere
583 3026 710 3087 dextras.
735 3046 773 3087 ex
788 3028 832 3087 his
843 3029 965 3088 maxime
977 3027 1057 3087 dirae

56 3130 130 3191 quae
154 3112 385 3190 septentrionem
413 3110 448 3170 ab
472 3128 576 3170 occasu
598 3112 750 3188 attingunt.
785 3114 884 3190 itaque
907 3111 1058 3189 plurimum

22 3197 148 3256 csreiert
161 3195 236 3255 unde
257 3196 392 3255 venerint
412 3192 529 3254 fulmina
550 3201 580 3254 et
600 3211 657 3272 quo
675 3197 885 3255 concesserint.
920 3196 1056 3272 optimum

56 3289 101 3340 est
131 3281 161 3341 in
186 3279 335 3338 exortivas
359 3278 457 3338 redire
480 3285 588 3356 partes.
624 3278 691 3338 ideo
716 3296 779 3337 cum
805 3295 821 3337 a
846 3279 936 3355 prima
962 3276 1035 3338 caeli
1050 3287 1098 3338 144

56 3371 140 3441 parte
160 3364 295 3422 venerint
315 3371 345 3422 et
365 3363 395 3421 in
416 3361 535 3422 eandem
559 3363 776 3438 concesserint,
801 3378 907 3420 summa
930 3360 1054 3421 felicitas

13 3515 16 3523 ,
54 3445 255 3526 portenditur,
276 3445 362 3526 quale
378 3444 476 3508 Sullae
497 3444 630 3507 dictatori
665 3452 810 3506 ostentum
831 3444 926 3506 datum
944 3448 1056 3525 accepi-
