2400 3856
109 178 170 244 178
459 191 490 241 o.
508 193 605 241 rusus
626 192 775 242 suonam

58 357 109 410 102
191 346 241 410 16.
258 345 343 427 (30.)
368 346 413 408 lin
427 346 552 409 aduerso
568 347 653 408 buius
671 349 764 407 situas
778 346 924 409 Britannia
939 347 1037 410 insula
1050 348 1129 413 clara

112 433 233 494 Graecis
255 435 424 512 nostrisque
441 433 624 493 monimentis
646 433 723 492 inter
743 432 976 511 septentrionem
996 442 1030 494 et
1049 435 1127 495 occi·

109 518 227 577 dentem
243 518 337 594 iacet,
365 515 548 592 Germaniae,
564 515 686 593 Galliae,
700 514 875 596 Hispaniae,
889 515 980 577 multo
994 518 1128 579 maximis

110 600 249 680 Europae
264 601 396 682 partibus
412 619 517 679 magno
534 599 690 661 intervallo
706 600 837 662 adversa.
870 599 981 661 Albion
997 602 1058 681 ipsi
1075 620 1127 663 no·

110 687 264 763 mensuit,
290 705 354 747 cum
368 685 536 746 Britanniae
557 693 734 745 uocarentur
757 702 858 745 omnes
880 683 918 744 de
935 685 1043 763 quibus
1058 698 1154 746 mons

111 769 198 850 paulo
220 771 357 832 dicemus.
400 768 481 832 llaec
501 769 587 831 abest
610 786 627 829 a
650 767 813 830 Gesoriaco
828 765 1007 829 llorinorum
1027 772 1128 848 gentis

111 855 200 915 litore
226 856 360 934 proximo
388 856 513 916 traiectu
538 853 559 913 L
585 851 623 913 ll.
665 853 787 914 circuitu
811 860 915 931 patere
944 866 1126 937 lxxxxvtnt

111 937 219 999 LXXV
232 938 262 1001 ll
276 939 403 1018 Pytheas
418 947 449 999 et
463 937 593 998 Isidorus
611 935 744 1013 tradunt,
761 937 881 1014 triginta
896 954 992 1017 prope
1006 938 1066 997 iam
1079 955 1128 999 au·

111 1024 156 1083 nis
171 1023 303 1083 notitiam
329 1024 392 1084 eius
407 1021 545 1081 Romanis
564 1023 649 1080 armis
666 1039 725 1081 non
739 1020 816 1081 ultra
836 1021 1013 1082 uicinitatem·
1033 1021 1128 1083 siluae

114 1105 283 1167 Calidoniae
303 1104 543 1185 propagantibus.
588 1103 723 1185 Agrippa
748 1103 958 1183 longitudinem
972 1102 1080 1166 DCCC
1099 1104 1161 1166 blo

113 1208 189 1268 pass.
207 1208 287 1267 esse,
302 1188 482 1248 latitudinem
495 1185 569 1249 CCC
583 1186 612 1248 ll
624 1187 727 1249 credit.
758 1188 878 1249 eandem
886 1186 1060 1268 Hiberniae,
1075 1189 1128 1250 sed

61 1279 113 1334 103
126 1271 335 1349 longitudinem
357 1269 406 1333 00
426 1271 456 1333 bl
477 1290 554 1352 pass.
577 1274 727 1334 minorem.
769 1270 866 1351 Super
886 1290 950 1333 eam
976 1271 1051 1334 baec
1074 1275 1128 1334 sita

113 1358 198 1417 abest
212 1355 389 1417 brevissimo
405 1358 528 1417 transitu
542 1374 559 1416 a
576 1354 700 1416 Silurum
716 1364 806 1434 geute
821 1354 946 1417 XXXll
959 1374 1038 1436 pass.
1069 1356 1128 1418 Re·

113 1441 254 1520 liquarum
264 1441 341 1502 nulla
357 1439 465 1502 CXXV
477 1438 507 1501 ll
518 1440 640 1520 amplior
652 1441 774 1502 circuita
785 1440 927 1519 proditur.
952 1448 1020 1501 suut
1030 1449 1128 1503 autern

113 1524 162 1585 XL
180 1523 311 1587 Orcades
326 1526 447 1587 modicis
461 1527 538 1585 inter
553 1542 586 1584 se
601 1524 747 1585 discretae
762 1525 882 1604 spatiis,
896 1522 954 1585 Vll
963 1524 1127 1605 Acmodae,
1139 1538 1161 1582 rs

112 1608 197 1670 XXX
211 1607 367 1686 Hebudes,
385 1618 415 1668 et
432 1611 510 1670 inter
524 1606 691 1669 Hiberniam
709 1626 743 1668 ac
756 1606 931 1669 Britanniam
944 1607 1031 1670 llona
1039 1651 1051 1686 ,
1065 1607 1127 1670 llo·

113 1695 214 1773 napia,
231 1693 364 1772 Biginia,
379 1693 494 1772 Vectis,
510 1693 665 1770 Silumnus,
682 1691 819 1768 Andros,
833 1692 908 1753 inira
922 1710 997 1753 uero
1013 1691 1127 1754 Sambis
1179 1772 1182 1777 ἢ

70 1839 74 1845 ,
114 1786 144 1838 et
164 1776 335 1855 Axanthos,
361 1786 391 1838 et
419 1777 455 1838 ab
477 1777 600 1838 adversa
623 1777 653 1836 in
681 1774 880 1837 Germanicum
902 1794 981 1836 mare
1006 1794 1128 1857 sparsae

114 1860 249 1922 Glaesiae
260 1880 330 1941 quas
343 1861 507 1923 Electridas
523 1859 626 1921 Graeci
638 1861 823 1922 recentiores
835 1859 1036 1939 appellavere,
1050 1860 1128 1940 quod

62 1945 324 2007 104ibi'electrum
345 1953 523 2007 nasceretur.
556 1943 663 2006 Ultima
684 1945 807 2005 omniurn
833 1962 907 2024 quae
923 1954 1161 2020 ,memoranturs

72 2028 108 2103 At
116 2029 226 2105 Thyle,
244 2031 273 2089 in
289 2047 345 2108 qua
362 2028 490 2091 solstitio
502 2028 595 2089 nullas
609 2047 678 2090 esse
692 2036 795 2089 noctes
810 2028 1008 2107 iudicauimus,
1028 2030 1128 2090 cancri

113 2114 226 2188 signum
248 2112 313 2172 sole
330 2120 516 2186 transeunte,
540 2112 695 2191 nullosque
714 2121 816 2174 contra
833 2131 888 2192 per
902 2113 1030 2175 brumam
1051 2112 1126 2176 dies.

112 2194 169 2255 hoc
190 2195 302 2273 quidam
332 2198 411 2256 senis
432 2194 581 2256 mensibus
604 2196 748 2256 contInuis
772 2197 836 2257 lieri
858 2197 1045 2259 arbitrantur.
1080 2196 1128 2258 'li-

112 2297 211 2340 maeus
223 2278 378 2341 historicus
392 2278 564 2340 aBritaunia
578 2280 736 2340 introrsum
748 2300 802 2341 sex
815 2281 926 2342 dierum
937 2282 1128 2361 navigatione

112 2363 220 2425 abesse
241 2363 310 2425 dicit
331 2364 451 2425 insulam
472 2362 581 2424 blictim
597 2365 627 2424 in
647 2383 703 2445 qua
723 2364 872 2426 candidum
890 2365 1035 2445 plumbum
1054 2382 1125 2445 pro·
1138 2380 1162 2425 aa

111 2450 221 2509 ueniat.
248 2449 284 2510 ad
307 2467 370 2511 eam
385 2448 539 2510 Britannos
555 2449 685 2509 vitilibus
701 2451 827 2527 nauigiis
845 2451 928 2510 corio
943 2450 1127 2511 circumsutis

112 2535 259 2610 navigare.
287 2532 360 2595 Sunt
375 2535 423 2612 qui
439 2541 470 2594 et
482 2533 552 2594 alias
565 2533 704 2613 prodant,
720 2532 870 2611 Scandias,
884 2532 1039 2611 Dumnam,
1055 2532 1128 2595 Ber·

112 2635 168 2693 gos
185 2618 393 2696 maximamque
414 2618 538 2678 omniurn
553 2616 712 2694 Berricen,
736 2636 774 2677 en
789 2635 845 2697 qua
865 2618 895 2676 in
914 2614 1029 2694 Thylen
1048 2618 1129 2678 naui·

112 2707 209 2776 getur.
235 2698 262 2757 A
275 2699 369 2776 Thyle
380 2702 464 2760 unius
481 2701 539 2762 diei
554 2702 741 2778 nauigatione
751 2719 831 2762 mare
843 2708 1009 2763 concretum
1024 2717 1042 2761 a
1056 2717 1128 2762 non·

112 2780 198 2841 nullis
216 2778 353 2841 Cronium
368 2783 542 2861 appellatur.
1138 2800 1164 2844 su

61 2871 111 2927 lot
158 2894 162 2899 ·
189 2863 237 2926 ll.
255 2862 338 2944 (31.)
359 2863 451 2927 Callia
469 2867 562 2927 omnis
578 2865 696 2930 Comata
717 2887 774 2930 uno
796 2871 913 2931 nornine
934 2868 1082 2950 appellata
1098 2871 1129 2930 in

114 2950 169 3011 tria
183 2949 358 3030 populorum
379 2968 490 3028 genera
506 2950 659 3032 dividitur,
684 2954 814 3015 amnibus
835 2955 959 3015 maxime
979 2952 1129 3015 distincta.

115 3052 131 3095 a
148 3034 253 3097 Scalde
274 3034 309 3097 ad
326 3033 488 3116 Sequanam
505 3035 640 3115 Belgica,
661 3037 697 3099 ab
713 3054 751 3099 eo
768 3036 803 3098 ad
826 3036 995 3098 Garumnam
1014 3034 1129 3099 Celtica

114 3119 275 3200 eademque
295 3118 516 3199 lugdunensis,
538 3120 606 3182 iude
627 3121 662 3183 ad
682 3121 825 3200 Pyrenaei
844 3122 950 3182 montis
973 3138 1129 3182 excursum

23 3266 27 3273 ,
111 3203 302 3284 Aquitanica,
331 3204 503 3267 Aremorica
524 3214 590 3266 ante
615 3205 698 3268 dicta.
742 3203 915 3268 Universam
941 3222 1021 3266 oram
1041 3207 1164 3286 {piiss

111 3286 175 3350 bbl
190 3305 326 3370 passuum
335 3289 480 3371 Agrippa,
495 3287 650 3350 Galliarum
662 3289 882 3352 interllbenum
898 3298 928 3352 et
944 3288 1128 3369 Pyrenaeum

112 3381 199 3452 atque
218 3391 359 3436 oceanum
373 3392 409 3435 ac
424 3383 539 3435 montes
558 3370 723 3436 Cebennam
738 3381 770 3436 et
783 3373 875 3451 luris,
892 3372 996 3453 quibus
1011 3370 1128 3437 Narbo·

111 3474 232 3519 oensem
248 3455 367 3521 Calliam
380 3457 518 3537 excludit,
534 3456 745 3537 longitudinem
761 3454 918 3520 CCCCXX
932 3456 962 3519 ll
976 3474 1128 3538 passuum,
