2400 3856
119 123 161 187 90
466 138 497 186 c.
519 138 613 185 rurus
636 137 784 186 suouunr

122 293 192 353 nihil
211 291 319 353 addisci
340 311 416 354 nova
432 293 638 370 inquisitione,
655 294 740 352 immo
755 309 791 350 ue
807 299 938 350 veterum
958 289 1074 367 quidem
1088 291 1129 349 in·

81 382 131 436 118
142 385 229 438 venta
242 377 379 455 perdisci.
406 394 465 436 non
482 385 564 437 erant
574 378 683 437 maiora
696 376 824 454 praemia
835 377 864 433 iu
874 373 980 433 maritos
995 374 1130 452 dispersa

123 462 258 521 fortunae
273 462 484 539 magnitudine,
504 469 534 520 et
549 461 604 520 ista
619 461 719 539 plures
737 461 800 519 sine
815 459 945 536 praemio
968 457 1029 517 alio
1046 476 1131 535 quam

123 554 261 624 posteros
288 546 403 606 iuvandi
427 553 576 607 eruerunt.
613 563 711 605 mores
733 543 878 603 homiuum
901 561 1046 619 sonuere,
1071 561 1131 605 nou

122 629 270 706 fructuus,
287 639 317 689 et
334 624 464 690 inmensa
475 629 626 689 multitudo
640 636 755 707 aperto,
774 644 971 704 quaecumque
984 635 1041 703 est,
1057 628 1153 686 maris
1191 655 1195 661 ·

122 710 320 792 hospitalique
335 713 452 775 litorum
468 714 592 774 omnium
607 713 727 792 adpulsu
742 713 877 788 navigat,
897 709 950 770 sed
967 709 1052 788 lucri,
1071 728 1130 781 nop

123 797 266 858 scientiae
305 801 409 875 gratia.
441 816 496 858 uec
518 805 635 875 reputat
656 814 743 856 caeca
760 814 841 855 mens
864 803 895 855 et
910 802 1018 854 tautum
1038 797 1131 855 avari·

123 881 181 940 tiae
200 881 311 941 intenta
328 883 357 942 id
377 885 471 960 ipsum
486 881 608 940 scientia
628 898 719 958 posse
734 880 822 939 tutius
839 879 913 939 lieri.
949 887 1132 956 quapropter

123 965 323 1041 scrupulosius
339 984 422 1044 quam
435 966 568 1024 instituto
583 965 719 1024 fortassis
731 964 886 1024 conveniat
899 963 983 1041 operi
997 963 1130 1023 tractabo

122 1057 240 1123 ventos,
258 1057 302 1108 tot
318 1048 395 1108 milia
410 1050 603 1125 navigantium
621 1066 754 1108 cerneus.
1140 1065 1166 1108 ιι

79 1138 131 1190 119
188 1129 241 1192 47
265 1129 347 1209 (46)
368 1131 498 1193 Veteres
517 1140 654 1210 quattuor
671 1133 787 1192 omnino
809 1149 969 1192 servavere
992 1148 1045 1209 per
1064 1133 1131 1191 toti·

99 1215 188 1274 dem
202 1215 298 1276 mundi
311 1224 422 1294 partes,
437 1215 504 1276 ideo
519 1235 575 1277 nec
590 1215 733 1277 Homerus
748 1215 848 1294 plures
863 1216 991 1275 nominat
993 1214 1130 1315 ,hebeti

121 1306 153 1357 ut
167 1315 236 1358 mox
249 1297 403 1360 iudicatum
421 1308 478 1379 est,
493 1302 618 1361 ratione.
641 1309 742 1361 secuta
754 1307 835 1360 aetas
848 1308 916 1358 octo
929 1258 1074 1359 addidit
1046 1301 1130 1359 nimis

123 1382 223 1441 subtili
241 1391 328 1461 atque
345 1386 478 1461 concisa,
495 1387 637 1463 proximis
655 1387 732 1445 iuter
748 1393 898 1461 utramque
912 1383 1007 1443 media
1022 1382 1131 1460 placuit

122 1465 159 1525 ad
173 1465 293 1529 brevem
308 1487 347 1529 ex
362 1487 516 1529 numerosa
539 1469 643 1529 additis
659 1477 804 1548 quattuor.
837 1469 909 1527 Sunt
931 1484 1003 1544 ergo
1020 1466 1081 1526 bini
1100 1469 1165 1527 inu

123 1558 259 1626 quattuor
276 1552 351 1613 caeli
368 1553 515 1630 partibus,
534 1554 569 1613 ab
587 1556 702 1614 oriente
720 1551 927 1630 aequinoctiali
943 1551 1129 1625 subsolanus,

30 1712 33 1717 .
123 1632 294 1696 oboriente
315 1636 436 1697 brumali
453 1637 620 1713 volturnus,
644 1637 723 1697 illum
743 1635 910 1714 apeliotes,
932 1634 1008 1698 huno
1025 1632 1129 1697 Graeci

123 1736 223 1778 eurum
235 1720 393 1798 appellant.
421 1738 437 1780 a
452 1721 573 1781 meridie
586 1729 686 1782 auster
697 1731 727 1782 et
744 1721 779 1780 ab
797 1737 903 1778 occasu
918 1718 1041 1778 brumali
1052 1717 1130 1779 hiri-

122 1818 190 1878 cus,
211 1812 309 1863 notum
325 1814 355 1864 et
369 1803 440 1864 Liba
456 1807 611 1867 nominant.
647 1805 683 1867 ab
704 1823 809 1865 occasu
825 1802 1032 1880 aequinoctiali
1048 1803 1130 1863 lavo·

122 1887 198 1962 nius,
214 1888 250 1946 ab
263 1906 368 1949 occasu
380 1889 527 1949 solstitiali
540 1907 638 1966 corus,
651 1889 810 1967 zephyrum
822 1894 851 1946 et
863 1895 1001 1964 argesten
1014 1895 1128 1946 vocant.
1137 1908 1165 1950 aa

122 1973 373 2046 septentrionibus
389 1974 572 2051 septentrio,
593 1976 729 2051 interque
749 1990 814 2032 eum
834 1979 864 2030 et
879 1979 1014 2031 exortum
1030 1970 1128 2031 solsti-

78 2059 131 2110 120
143 2052 241 2113 tielem
256 2055 372 2132 aquilo,
395 2059 539 2134 aparctias
561 2065 591 2115 et
607 2057 714 2117 boreas
735 2058 813 2117 dicti.
845 2053 1037 2114 Numerosior
1053 2057 1128 2115 ratio

122 2144 258 2219 quattuor
275 2138 321 2197 his
343 2141 548 2216 interiecerat,
571 2140 715 2201 thrascian
735 2141 829 2201 media
844 2141 969 2216 regione
985 2140 1063 2198 iuter
1082 2157 1130 2199 se·

121 2221 317 2295 ptentrionem
338 2231 367 2281 et
382 2240 516 2298 occasum
531 2182 716 2285 solstitialem
724 2228 879 2302 ,itemque
898 2223 1015 2282 caecian
1034 2223 1129 2283 media

122 2303 200 2363 inter
216 2305 379 2403 aquilonem
395 2315 425 2365 et
438 2315 572 2367 exortum
583 2310 825 2386 aequinoctialem
841 2307 876 2368 ab
890 2314 956 2366 ortu
968 2305 1164 2383 solstitiali,ao

121 2384 267 2448 Phoenica
281 2385 511 2469 mediaregioue
530 2392 608 2453 inter
631 2402 725 2454 ortum
744 2391 903 2453 brumalem
922 2398 953 2449 et
967 2389 1129 2468 meridiem,

121 2471 191 2529 item
205 2473 290 2533 inter
297 2473 369 2535 biba
383 2485 413 2534 et
428 2484 527 2536 notum
544 2480 728 2554 conpositum
748 2496 787 2538 ex
805 2486 930 2552 utroque
947 2473 1095 2533 medium
1087 2493 1129 2535 m·

121 2561 167 2612 ter
182 2557 332 2617 meridiem
347 2568 378 2618 et
393 2558 544 2619 hibernum
560 2561 741 2622 occidentem
756 2561 938 2621 libonotum.
973 2556 1038 2617 Nec
1053 2559 1129 2635 linis,

120 2636 168 2695 alii
185 2642 294 2734 quippe
310 2660 411 2702 mesen
425 2645 541 2704 nomine
557 2645 710 2704 etiamnum
726 2645 863 2706 addidere
881 2644 957 2703 inter
973 2641 1085 2705 borean
1099 2650 1130 2701 et

122 2723 258 2798 caecian,
283 2731 313 2781 et
333 2726 410 2784 inter
434 2745 534 2786 eurum
554 2736 710 2805 notumque
736 2736 918 2790 euronotum.
950 2725 1024 2785 Suut
1043 2728 1162 2788 etiamao

121 2803 234 2880 quidam
250 2806 414 2882 peculiares
427 2809 590 2886 quibusque
603 2812 740 2887 gentibus
752 2814 844 2887 venti,
862 2829 920 2873 non
931 2809 1005 2869 ultra
1017 2819 1130 2871 certum

119 2888 317 2964 procedentes
337 2899 475 2968 tractum,
492 2901 522 2950 ut
540 2892 770 2956 Atheniensibus
792 2899 890 2956 seiron
898 2893 1010 2972 ,paulo
1029 2895 1066 2954 ab
1085 2912 1128 2954 ar-

120 2983 207 3047 geste
227 2973 359 3034 deflexus
367 2976 526 3054 ,reliquae
544 2976 705 3039 Graeciae'
697 2989 825 3057 ignotus.
853 2942 941 3041 alidbi
953 2978 1038 3038 ilatus
1053 2977 1129 3039 idem

78 3063 124 3132 121
140 3055 287 3135 Olympias
304 3068 434 3120 vocatur
472 3058 661 3123 Consuetudo
684 3064 816 3123 omnibus
837 3063 882 3125 his
899 3061 1064 3123 nominibus
1085 3080 1127 3123 ar·

118 3150 226 3217 gestan
248 3143 399 3220 intellegi,
424 3153 454 3204 et
470 3145 588 3205 caecian
609 3147 696 3225 aliqui
717 3156 823 3208 vocant
836 3147 1078 3226 llellespontiau,
1098 3154 1159 3207 etas

120 3225 241 3285 eosdem
256 3226 305 3286 alii
321 3227 417 3290 aliter.
446 3229 539 3289 item
531 3248 561 3288 ιιι
579 3228 764 3292 Narbonensi
783 3234 932 3310 provincia
949 3231 1127 3291 clarissimus

118 3318 272 3369 ventorum
288 3320 335 3371 est
352 3314 469 3389 circius,
488 3331 543 3372 nec
558 3313 619 3373 ullo
634 3316 774 3376 violentia
789 3316 923 3392 inferior,
940 3313 1051 3375 Ostiam
1066 3316 1127 3394 ple·

120 3410 239 3472 rumque
262 3404 344 3455 recta
363 3395 513 3474 Ligustico
534 3401 604 3458 mari
627 3401 799 3477 perierem,
823 3400 900 3461 idem
914 3416 974 3459 uon
995 3399 1108 3461 modo
1099 3418 1129 3459 m
