2400 3856
318 223 399 270 uar.
417 226 508 275 msa.
526 226 588 273 1111.
608 219 723 274 lo-la.
742 215 893 295 (ao-ae.)
1048 212 1109 277 179

97 375 277 436 latitudinem
289 375 462 441 CCCXVIII
472 384 648 461 computavit.
665 381 795 443 AScaldi
807 382 936 443 Incolunt
946 381 1095 465 [Exervi,]
1109 387 1159 442 106

98 459 262 520 Tenuandri
279 462 410 541 pluribus
428 467 603 543 ncmiuibus,
619 466 685 528 deiu
700 467 827 545 Menapi,
843 465 948 528 Illorini
969 485 1019 527 ora
1034 466 1109 527 lilar-

97 545 173 604 sacis
189 546 278 605 iuncti
295 564 371 625 pago
387 549 435 626 qui
458 546 632 610 Chersiacus
650 559 786 628 vocatur,
801 549 947 629 Britanni,
963 551 1108 630 Ambiani,

96 627 262 706 Bellovaci,
290 629 382 691 Bassi.
425 633 570 695 Introrsus
603 632 770 711 Catoslugi,
801 634 980 712 Atrebates,
1016 633 1108 696 Nervi

64 722 79 762 ὃ
97 713 195 792 libori,
206 713 414 793 veromandui,
426 715 601 796 Suaeuconi,
613 717 789 780 Suessiones
805 719 903 794 liberi,
920 718 1109 779 Uhuanectes

96 797 199 876 liberi,
224 797 350 878 Tunng,
376 798 501 880 Sunuci,
526 802 729 881 Frisiavones,
755 802 873 879 Betasi,
897 803 984 863 Leuci
1011 803 1109 881 liberi,

97 881 219 943 Treveri
235 883 322 945 liberi
339 893 424 947 antea
447 896 478 948 et
493 885 642 965 lingones
663 888 828 965 foederati,
848 886 932 948 Remi
952 888 1109 962 foederati,

95 965 325 1046 Mediomatrici,
342 967 486 1050 Sequani,
500 973 634 1051 Raurici,
651 971 777 1034 HelvetI.
809 971 943 1032 coloniae
956 968 1109 1050 Equestris

97 1062 127 1113 et
148 1054 296 1114 Rauriaca.
333 1052 465 1117 Rhenum
486 1065 580 1117 autem
603 1057 772 1119 accolentes
794 1053 962 1117 Germaniae
980 1057 1111 1133 gentium

56 1148 82 1188 1⁰
96 1139 125 1197 in
141 1137 242 1198 eadem
262 1139 412 1217 provincia
433 1139 590 1218 Nemetes,
618 1141 753 1221 Triboci,
778 1140 964 1219 Vangiones,
984 1138 1109 1200 anhis

97 1221 213 1282 colonia
232 1222 476 1302 Agrippinensis,
503 1221 647 1302 Guberni,
673 1225 774 1286 Batavi
803 1232 834 1286 ei
855 1242 929 1304 quos
949 1224 979 1284 in
1007 1223 1109 1284 insulis

96 1305 217 1366 dirimus
232 1305 336 1367 Rheni.
1117 1331 1151 1371 rer

161 1387 208 1451 18.
226 1387 309 1469 (32.)
325 1352 527 1469 Lugdunensis
550 1391 642 1453 Callia
660 1392 749 1454 habet
767 1392 928 1468 Lexouios,
947 1391 1098 1453 Vellocas·
1110 1397 1161 1450 107

97 1493 162 1549 ses,
182 1472 319 1551 Caletos,
338 1474 488 1553 Venetos,
504 1476 717 1554 AbrIncatuos,
742 1475 906 1551 Ossismos,
932 1475 1037 1536 humen
1053 1477 1110 1536 cla·

56 1571 83 1612 15
97 1576 158 1619 rum
174 1557 318 1637 legerim,
343 1559 396 1620 sed
416 1560 615 1639 paeninsulam
634 1563 843 1640 spectatiorem
859 1567 1062 1620 excurrentem
1082 1561 1111 1619 in

98 1661 236 1705 oceanum
258 1661 274 1704 a
293 1643 350 1705 fine
374 1643 568 1706 Ossismorum
593 1646 715 1706 circuitu
736 1642 872 1704 DCXXV
893 1642 923 1703 bl
944 1661 1022 1723 pass.
1048 1661 1111 1702 cer·

98 1730 162 1788 vioe
184 1729 213 1789 in
239 1728 418 1791 latitudInem
443 1727 603 1791 CXXVII.
648 1729 723 1790 ultra
746 1748 812 1807 eum
832 1726 1008 1804 Namnetes,
1033 1729 1110 1786 lutus

98 1820 194 1873 autem
212 1813 308 1874 Aedui
324 1814 468 1875 foederati
476 1857 486 1893 ,
509 1813 665 1876 Carnuteni
686 1813 850 1889 foederati,
870 1811 941 1890 Boi,
964 1812 1109 1885 Senones,

98 1896 218 1957 Aulerci
251 1899 298 1976 qui
327 1901 568 1976 cognominantur
593 1898 777 1958 Eburovices
805 1905 835 1956 et
865 1897 914 1974 qui
941 1894 1110 1970 Cenomani,

57 1994 84 2034 ao
98 1979 187 2042 llleldi
203 1981 301 2057 liberi,
318 1981 423 2058 Parisi,
439 1980 601 2060 Tricasses,
620 1981 777 2057 Andicaui,
793 1979 990 2053 Viducasses,
1004 1977 1112 2038 Bodio-
1164 1993 1168 2001 ·

98 2084 209 2141 casses,
225 2063 353 2143 Venelli,
372 2063 596 2143 Cariosuelites,
611 2065 762 2143 Diablinti,
777 2064 948 2140 Rhedoues,
965 2063 1110 2141 Turones,

97 2149 220 2228 AtesuI,
236 2148 386 2210 Secusiaui
402 2151 505 2228 liberi,
531 2151 560 2211 in
575 2168 697 2230 quorum
712 2167 785 2229 agro
801 2148 917 2211 colonia
931 2147 1108 2226 lugdunum.

160 2231 207 2295 19.
226 2232 309 2315 (33.)
326 2234 516 2312 Aquitanicae
533 2244 600 2294 sunt
617 2234 782 2314 Ambilatri,
798 2233 987 2311 Anagnutes,
1005 2231 1162 2297 Picto-108

98 2337 171 2393 nes,
198 2315 318 2378 Santoni
344 2316 446 2396 liberi,
477 2319 624 2394 Bituriges
657 2319 743 2378 liberi
775 2317 949 2395 cognomine
986 2314 1110 2393 Viuisci,

58 2415 84 2456 2⁵
99 2402 236 2480 Aquitani
250 2400 324 2460 unde
340 2418 446 2462 nomen
458 2403 644 2480 provinciae,
659 2401 874 2461 Sediboviates.
902 2417 971 2459 mox
982 2401 1012 2458 in
1028 2401 1110 2479 oppi-

99 2486 165 2546 dum
180 2483 335 2544 contributi
350 2481 524 2560 Conuenae,
539 2482 680 2561 Begerri,
697 2482 828 2544 Tarbelli
840 2481 1111 2562 Quattuorsignani,
1192 2530 1193 2534 ,

100 2568 262 2630 Cocosates
281 2566 466 2647 Sexsignani,
483 2567 623 2643 Venami,
640 2565 850 2642 Onobrisates,
866 2566 1000 2643 Relendi,
1020 2568 1110 2629 saltus

98 2657 282 2734 Pyrenaeus,
304 2654 436 2732 infraque
450 2651 583 2729 Monesi,
602 2650 754 2712 Oscidates
776 2653 918 2727 montani,
941 2649 1110 2731 Sybillates,

102 2738 251 2818 Campani,
267 2737 471 2816 Bercorcatcs,
489 2736 684 2817 Pinpedunni,
699 2734 842 2814 Lasunni,
858 2734 1021 2813 Suellates,
1039 2736 1111 2797 Tor·

58 2832 200 2901 senates,
227 2818 424 2900 Consoranni,
452 2821 561 2899 Ausci,
588 2818 743 2900 Elusates,
770 2820 927 2896 Sottiates‚
957 2817 1110 2882 Oscidates

101 2914 294 2986 campestres,
315 2906 484 2983 Successes,
498 2905 664 2985 Latusates,
677 2905 889 2983 Basaboiates,
904 2904 1023 2983 Vassei,
1039 2906 1111 2964 Sen-

100 3000 201 3067 nates,
224 2987 438 3065 CambolectrI,
463 2990 668 3068 Agessinates.
705 2990 874 3051 Pictonibus
896 2988 985 3047 iuncti
1005 2993 1164 3050 autemldb

98 3076 246 3153 Bituriges
267 3075 353 3136 liberi
377 3077 425 3153 qui
446 3072 520 3135 Cubi
542 3074 740 3155 appellantur,
764 3073 831 3134 dein
845 3071 1036 3149 Lemovices,
1057 3070 1112 3131 Ar·

99 3162 182 3222 verni
205 3159 308 3236 liberi,
332 3157 466 3219 Gabales.
495 3177 595 3218 rursus
609 3157 794 3219 Narbonensi
810 3156 979 3238 provinciae
995 3163 1112 3216 conter-

60 3260 86 3303 es
100 3246 169 3306 mini
184 3243 309 3320 RutenI,
325 3239 467 3320 Cadurci,
483 3242 690 3321 Antobroges,
712 3241 866 3319 Tarneque
888 3258 970 3300 amne
991 3240 1111 3301 disereti

99 3349 116 3391 a
135 3327 289 3391 Tolosanis
305 3325 470 3388 Petrocori.
503 3325 594 3387 Ilaria
610 3328 687 3387 cinca
701 3343 780 3386 oram
796 3324 832 3385 ad
845 3322 976 3384 Rhenum
994 3333 1112 3402 septen·

99 3414 231 3475 trionalis
248 3429 395 3487 oceanus,
422 3413 499 3473 inter
512 3408 645 3471 Rhenum
661 3418 691 3471 et
707 3409 869 3487 Sequanam
884 3406 1112 3487 Britannicus,**

99 3501 175 3561 inter
196 3498 226 3560 ld
247 3506 277 3559 et
300 3495 481 3575 Pyrenaeum
502 3493 638 3557 Gallicus.
677 3492 793 3556 Insulae
816 3491 974 3639 coqqqures
998 3491 1111 3555 Venes-
