2400 3856
101 159 165 224 204
450 168 480 216 C·
502 167 598 216 PLINI
622 167 770 217 SECUNDI

104 338 257 403 tarractes,
275 327 353 385 iuxta
366 341 450 402 quem
462 322 625 399 hyrnessus
638 331 668 383 ct
685 321 782 401 Olbia,
794 321 950 403 ultimaque
966 324 1033 385 eius
1047 343 1118 388 orae

103 412 243 474 Phaselis.

51 507 84 559 at
164 494 247 575 (27.)
280 494 410 555 Iunctum
433 511 512 554 mare
533 492 651 569 Lycium
677 500 724 554 est
749 510 881 571 gensque
907 491 1014 570 Lycia,
1042 494 1119 555 unde

103 589 203 641 vastos
221 582 320 639 sinuus
333 577 443 638 'laurus
459 595 541 637 mons
558 577 593 637 ab
609 576 681 637 Eois
695 579 818 637 veniens
830 577 967 638 litoribus
980 575 1119 638 Chelido-

103 667 151 726 nio
169 663 369 744 promunturio
388 660 585 737 disterminat,
603 663 749 721 inmensus
768 662 833 739 ipse
856 669 886 720 et
903 662 1119 722 innumerarum
1139 674 1152 716 s

103 751 233 828 gentium
255 746 381 823 arbiter,
407 745 513 807 dextro
532 746 628 806 latere
645 744 902 823 septentrionalis,
924 745 973 805 ubi
993 748 1119 824 primum

103 834 139 894 ab
160 833 259 894 lndioo
283 832 354 891 mari
381 832 529 907 exsurgit,
556 829 641 890 laevo
664 829 837 890 meridianus
864 836 894 888 ct
919 828 953 888 ad
982 847 1118 891 occasum

102 918 227 979 tendens
245 915 427 992 mediamque
441 913 606 975 distrahens
622 914 732 990 Asiam,
752 914 806 972 nisi
824 914 1000 991 opprimenti
1021 922 1119 976 terras

104 1007 294 1063 occurrerent
308 1001 404 1058 maria.
445 997 540 1058 resilit
557 1015 630 1074 ergo
647 998 681 1057 ad
702 998 939 1076 septentriones,
962 996 1118 1077 flexusque

102 1088 262 1146 inmensum
277 1086 335 1143 iter
351 1082 481 1160 quaerit,
497 1080 578 1140 velut
594 1081 630 1141 de
646 1081 786 1141 industria
807 1098 904 1141 rernm
924 1090 1027 1141 natura
1050 1083 1118 1142 sub·
1131 1097 1154 1137 ro

103 1169 170 1229 inde
190 1183 318 1244 aequora
339 1172 526 1244 opponente,
552 1165 619 1225 hinc
639 1166 841 1240 Phoenicium,
866 1164 933 1224 hinc
952 1164 1117 1244 Ponticum,

103 1252 183 1312 illinc
209 1248 344 1327 Caspium
372 1258 402 1309 et
431 1247 604 1325 Hyrcanium
632 1258 792 1328 contraque
826 1247 983 1309 Maeotium
1012 1250 1117 1310 laeum.

51 1341 86 1396 98
104 1342 259 1413 torquetur
274 1335 371 1412 itaque
387 1332 516 1393 conlisus
531 1335 607 1394 inter
622 1333 694 1394 haec
706 1334 847 1410 claustra,
867 1340 1005 1394 ettamen
1021 1337 1119 1395 victor

103 1419 253 1480 llexuosus
270 1417 368 1478 evadit
388 1436 480 1496 usque
497 1417 530 1477 ad
550 1428 672 1495 cognata
688 1417 865 1496 Ripaeorum
880 1418 1020 1477 montium
1037 1419 1117 1497 iuga,

102 1502 266 1562 numerosis
288 1502 450 1561 nominibus
478 1510 508 1561 et
533 1505 617 1562 novis
644 1519 822 1580 quacumque
850 1502 958 1563 incedit
980 1503 1117 1581 insignis,
1133 1517 1155 1559 rs

102 1587 196 1648 Imauus
211 1588 301 1665 prima
318 1594 401 1664 parte
417 1584 508 1645 dictus
518 1628 527 1662 ,
548 1604 616 1646 mox
633 1584 797 1662 Hemodos,
819 1584 1034 1664 Paropanisus,
1057 1585 1118 1647 Cir·

103 1673 181 1747 cius,
210 1668 389 1746 Cambades,
420 1668 575 1748 Pariades,
607 1667 765 1747 Choatras,
792 1668 924 1747 Creges,
952 1668 1118 1749 Oroandes,

101 1753 261 1833 Niphates,
279 1752 409 1829 Taurus,
432 1761 518 1831 atque
536 1754 585 1813 ubi
601 1773 634 1814 se
650 1772 766 1833 quoque
782 1762 941 1832 exsuperat
957 1751 1119 1833 Caucasus,

102 1838 151 1898 ubi
168 1838 285 1897 brachia
301 1837 407 1897 emittit
422 1837 545 1898 subinde
561 1840 712 1916 temptanti
728 1839 816 1897 maria
832 1838 934 1898 similis
951 1837 1117 1916 Sarpedon,

50 1928 85 1981 99
103 1920 293 1996 Coracesius,
321 1918 450 1999 Cragus,
474 1923 635 1999 iterumque
659 1920 785 1999 Taurus,
815 1922 901 1981 etiam
921 1921 970 1982 ubi
992 1921 1154 1983 dehiscitao

103 2024 194 2082 seque
217 2005 333 2083 populis
355 2006 449 2083 aperit
470 2013 616 2084 portarum
640 2013 735 2065 tamen
756 2006 874 2065 nomine
896 2009 1035 2066 unitatem
1061 2008 1117 2067 sibi

101 2088 251 2147 vindicans
269 2106 342 2165 quae
358 2089 445 2147 aliubi
464 2088 620 2148 Armeniae
637 2088 724 2148 aliubi
743 2086 867 2168 Caspiae
887 2089 975 2149 aliubi
994 2087 1117 2151 Ciliciae

101 2179 252 2230 vocantur.
292 2171 467 2247 quinetiam
495 2171 678 2246 confractus,
704 2172 849 2250 effugiens
872 2191 989 2251 quoque
1015 2177 1117 2251 maria,

101 2254 233 2333 plurimis
253 2273 286 2314 se
302 2255 431 2330 gentium
449 2254 613 2313 nominibus
627 2252 693 2315 hinc
709 2264 739 2315 et
754 2256 834 2316 illinc
850 2257 958 2334 inplet,
981 2274 996 2316 a
1013 2257 1116 2317 dextra

101 2338 280 2416 hyrcanias,
298 2334 437 2416 Caspius,
455 2355 471 2398 a
487 2339 570 2399 laeva
585 2338 776 2417 Parihedrus,
791 2339 973 2416 Moschicus,
990 2339 1116 2402 Amano·
1128 2357 1153 2397 aa

101 2424 199 2500 nicus,
224 2420 401 2500 Coraxicus,
424 2422 576 2498 Scythicus
597 2423 779 2503 appellatus,
800 2424 829 2483 in
852 2425 1020 2484 universnm
1042 2443 1116 2486 vero

102 2504 213 2567 Graece
231 2504 401 2566 Ceraunios.

49 2599 100 2652 loo
175 2587 258 2668 (28.)
282 2589 315 2648 In
335 2588 424 2667 Lycia
448 2593 538 2669 igitur
559 2611 574 2652 a
601 2592 802 2670 promuntorio
829 2592 891 2652 eius
913 2590 1050 2672 oppidum
1074 2594 1117 2654 Sr-

99 2690 199 2747 mena,
215 2691 296 2733 mons
314 2671 465 2735 Chimaera
481 2675 615 2735 noctibus
631 2674 768 2753 flagrans,
783 2675 992 2754 Hephaestiam
1010 2678 1116 2738 civitas

100 2757 207 2834 etipsa
228 2773 318 2834 saepe
335 2756 523 2834 flagrantibus
544 2759 630 2836 iugis.
673 2759 808 2837 oppidum
828 2760 966 2839 Olympus
988 2759 1029 2819 ibi
1047 2761 1115 2837 luit,
1128 2777 1153 2818 eo

99 2857 174 2900 nunc
202 2846 269 2898 sunt
293 2848 429 2901 montana
457 2839 572 2919 Gagae,
600 2839 771 2921 Corydalla,
797 2843 1002 2920 Rhodiopolis.
1033 2844 1115 2904 iuxta

99 2941 179 2984 mare
201 2920 313 3002 Limyra
336 2942 398 2983 cum
417 2942 499 2985 amno
515 2927 543 2986 in
559 2943 645 3004 quem
659 2926 831 3003 Arycandus
847 2926 955 3003 influit,
978 2936 1009 2988 et
1030 2946 1116 2988 mons

98 3006 267 3085 Masicitus,
288 3007 398 3069 Andria
424 3010 544 3087 civitas,
570 3009 670 3089 llyra,
694 3011 799 3089 oppida
821 3010 952 3089 Aperiae
979 3019 1010 3070 et
1031 3011 1117 3072 Anti·

98 3091 215 3171 phellos
237 3110 311 3170 quae
336 3094 478 3172 quondam
500 3093 653 3172 Habesos,
679 3102 767 3174 atque
789 3096 817 3153 in
841 3113 962 3154 recessu
983 3094 1114 3156 Phellos.

99 3175 165 3236 dein
181 3174 290 3252 Pyrrha
304 3179 432 3257 itemque
447 3178 580 3238 Xanthus
596 3197 612 3239 a
627 3180 698 3238 mari
711 3178 768 3238 XV
781 3177 811 3238 h
827 3196 978 3257 passuum,
994 3177 1115 3240 llumen·
1129 3194 1154 3235 as

99 3277 155 3338 que
172 3260 275 3321 eodem
297 3263 421 3323 nomine.
455 3262 559 3322 deinde
578 3261 698 3338 Patara,
721 3280 795 3341 quae
814 3263 895 3342 prius
919 3261 1061 3340 Pataros,
1085 3273 1116 3323 et

48 3354 97 3407 191
108 3344 258 3406 iumoute
282 3345 414 3423 Sidyma,
438 3346 668 3424 promunturium
691 3343 812 3424 Cragus.
857 3345 940 3406 Ultra
959 3363 1012 3424 par
1033 3349 1116 3407 sinus

98 3427 198 3505 priori.
244 3429 284 3488 ibi
307 3429 410 3490 Pinara
432 3438 463 3490 et
490 3447 565 3508 quae
586 3428 701 3506 Lyciam
728 3430 790 3491 linit
817 3429 977 3491 Telmesus.
1024 3429 1117 3507 Lycia
