2400 3856
356 189 436 238 nnn.
452 192 541 241 niso.
558 193 590 239 u.
610 184 729 237 27—29.
747 183 894 252 (ao-ao.)
1071 174 1132 240 205

117 347 196 408 LXX
212 347 354 426 quondam
377 346 484 424 oppida
503 346 618 422 habuit,
639 364 714 406 nunc
734 344 861 406 XXXVI
885 346 982 407 babet.
1022 364 1060 406 ex
1086 345 1130 405 his

118 432 310 492 celeberrima
326 438 445 509 praeter
462 448 549 508 supra
571 430 646 490 dicta
664 427 772 509 Canas,
797 428 950 507 Candyba,
969 429 1018 489 ubi
1036 430 1130 490 lauda-

118 526 164 575 tur
189 514 297 574 Eunias
329 531 446 590 nemus,
476 512 611 590 Podalia,
648 511 757 575 Choma
789 514 970 594 praelluente
1000 513 1129 589 Aedesa,

117 597 264 675 Cyaneae,
280 596 537 673 Ascandiandalis,
553 596 683 675 Amelas,
698 597 894 677 Nosnopium,
911 596 1005 672 Tros,
1025 596 1129 658 Telen-

81 684 179 742 auus.
224 680 435 760 conprehendit
460 680 681 742 mediterraneis
712 691 742 743 et
769 680 930 757 Cabaliam,
957 682 1038 740 cuius
1068 690 1128 741 tres

118 766 205 826 urbes
218 764 375 841 Oenianda,
391 765 527 842 Balbura,
538 765 649 825 Rubon.
678 765 706 825 A
719 765 855 827 Telmeso
868 764 1027 824 Asiaticum
1039 783 1117 826 mare
1131 769 1182 821 102

118 851 180 910 sive
200 848 384 926 Carpathium
399 857 430 909 et
451 866 525 928 quae
543 850 665 928 proprie
680 859 800 910 vocatur
814 848 896 910 Asia.
929 848 961 908 ln
979 849 1048 908 duas
1068 867 1130 909 eam

117 943 216 1010 partes
234 931 368 1012 Agrippa
383 933 491 993 divisit.
523 951 606 992 unam
626 933 742 993 inclusit
758 933 793 993 ab
816 934 932 993 oriente
951 932 1077 1010 Phrygia
1100 941 1130 993 et

95 1063 97 1067 .
117 1016 273 1095 Lycaonia,
290 1017 325 1076 ab
343 1017 496 1077 occidente
512 1016 636 1094 Aegaeo
655 1019 744 1096 mari,
764 1036 781 1078 a
796 1017 917 1077 meridie
933 1016 1096 1095 Aegyptio,
1114 1035 1130 1076 a

79 1118 104 1156 ro
117 1103 321 1180 septentrione
337 1100 545 1180 Paphlagonia.
582 1101 665 1161 huius
681 1101 890 1179 longitudinem
907 1098 1087 1161 CCCCLXX
1101 1099 1130 1158 Μ

117 1204 265 1264 passuum,
293 1184 471 1245 latitudinem
494 1182 624 1248 CCCXX
644 1184 674 1244 Μ
693 1186 773 1246 lecit.
814 1186 935 1246 alteram
955 1185 1129 1246 determina·

116 1275 157 1328 vit
176 1268 211 1328 ab
236 1271 350 1329 oriente
371 1268 509 1328 Armenia
531 1270 660 1344 minore,
683 1269 718 1329 ab
741 1270 893 1331 occidente
915 1269 1057 1348 Phrygia,
1073 1268 1129 1346 Ly·

118 1355 235 1428 cannia,
253 1351 436 1429 Pamphylia,
459 1353 693 1428 aseptentrione
711 1356 860 1430 provincia
876 1352 1009 1431 Pontica,
1031 1372 1047 1412 a
1070 1373 1128 1413 me·

116 1436 190 1495 ridie
215 1437 285 1494 mari
310 1434 494 1512 Pamphylio,
521 1435 638 1511 longam
661 1434 794 1496 DbXXV
814 1436 843 1496 Μ
864 1455 1015 1514 passuum,
1043 1437 1130 1498 latam

78 1536 103 1576 15
118 1517 277 1579 CCCXXV
292 1518 330 1577 Μ.

182 1600 263 1682 (29.)
284 1602 317 1662 ln
337 1604 468 1681 proxima
492 1619 543 1663 ora
562 1600 646 1663 Caria
667 1611 729 1680 est,
750 1620 818 1663 mox
837 1603 935 1679 Ionia,
956 1603 1031 1662 ultra
1053 1622 1115 1662 eam
1131 1606 1180 1659 103

116 1689 231 1749 Aeolis.
270 1684 354 1746 Caria
370 1687 482 1746 mediae
497 1686 597 1747 Doridi
622 1687 872 1760 circumfunditur,
894 1687 929 1746 ad
948 1705 1026 1746 mare
1050 1696 1128 1746 utro-

116 1791 172 1849 que
194 1771 288 1832 latere
309 1771 449 1831 ambiens.
493 1772 523 1828 in
547 1788 582 1830 ea
603 1774 830 1848 promunturium
846 1770 1008 1846 Pedalium,
1036 1773 1127 1831 amnis

117 1855 239 1915 Glaucus
257 1853 394 1914 deferens
418 1853 614 1931 Telmedium,
638 1855 744 1932 oppida
765 1853 908 1930 Daedala,
932 1851 1008 1929 Crya
1029 1855 1128 1930 fugiti-

76 1957 103 1997 ao
117 1957 234 2017 vorum,
257 1938 362 1998 flumen
383 1938 487 2015 Axon,
510 1938 646 2016 oppidum
668 1936 803 2014 Calynda.
848 1934 898 1998 28.
921 1937 1022 1996 Amnis
1041 1936 1127 1998 Indus

116 2025 145 2082 in
164 2020 363 2099 Cibyratarum
382 2022 458 2099 iugis
482 2029 562 2081 ortus
578 2023 683 2101 recipit
697 2020 748 2080 LX
762 2039 909 2100 perennes
925 2020 1046 2098 fluvios,
1069 2030 1128 2081 tor·

115 2116 216 2167 rentes
232 2124 305 2166 vero
320 2107 441 2184 amplius
459 2103 491 2165 C.
524 2106 660 2184 oppidum
676 2105 792 2165 Caunos
809 2105 942 2184 liberum,
959 2104 1027 2165 dein
1046 2105 1115 2182 Pyr·
1130 2108 1180 2159 lot

116 2210 180 2253 nos.
212 2199 312 2269 portus
331 2188 454 2267 Cressa,
476 2207 565 2267 aquo
582 2189 701 2252 Rhodus
720 2190 813 2251 insula
831 2187 886 2250 XX
901 2189 937 2249 Μ.
971 2188 1052 2248 locus
1071 2189 1126 2248 Lo·

117 2293 212 2350 ryma,
232 2275 337 2352 oppida
356 2273 512 2351 Tisanusa,
529 2272 668 2349 Paridon,
685 2272 842 2351 Larymna,
861 2274 940 2333 sinus
961 2273 1126 2351 Thymnias,

78 2375 103 2415 25
117 2360 345 2436 promunturium
360 2355 570 2433 Aphrodisias,
587 2358 724 2434 oppidum
737 2356 849 2433 Hydas,
867 2359 946 2416 sinus
963 2354 1127 2433 Schoenus,

116 2444 201 2516 regio
219 2439 376 2498 Bubassus.
418 2439 555 2516 oppidum
571 2440 625 2498 luit
643 2439 807 2515 Acanthus,
827 2439 885 2498 alio
906 2441 1021 2498 nomine
1037 2439 1127 2498 Dulo-

117 2524 201 2602 polis.
242 2532 287 2582 est
302 2524 332 2580 in
346 2525 547 2600 promunturio
564 2520 671 2580 Cnidos
693 2521 802 2597 libera,
825 2521 960 2599 Triopia,
984 2521 1052 2580 dein
1074 2522 1127 2582 Pe·

116 2627 189 2685 gusa
214 2616 243 2666 et
267 2606 364 2665 Stadia
385 2605 542 2684 appellata.
577 2604 624 2663 Ab
648 2622 683 2664 ea
703 2604 791 2664 Doris
811 2607 922 2684 incipit.
962 2603 1013 2665 sed
1035 2608 1115 2685 prius
1130 2615 1178 2667 loo

116 2701 200 2769 terga
213 2699 243 2751 et
256 2690 483 2750 mediterraneas
496 2688 713 2749 iurisdictiones
726 2687 869 2749 indicasse
878 2690 1041 2750 conveniat.
1064 2688 1128 2750 Una
1186 2754 1190 2762 ,

77 2794 103 2834 ao
117 2776 282 2854 appellatur
298 2773 472 2851 Cibyratica.
506 2774 600 2852 ipsum
617 2773 752 2852 oppidum
769 2772 912 2852 Phrygiae
928 2782 982 2834 est.
1021 2791 1127 2835 conve·

118 2863 197 2919 niunt
219 2878 255 2919 eo
271 2856 356 2917 XXV
371 2859 504 2918 civitates
521 2857 714 2918 celeberrima
731 2857 802 2918 urbe
823 2856 975 2919 Laodicea.
1014 2856 1066 2920 29.
1084 2857 1128 2918 ln·

117 2945 212 3022 posita
229 2951 275 3004 est
289 2941 368 3019 Lyco
390 2942 514 3018 flumini,
535 2941 629 3002 latera
648 2942 832 3003 adluentibus
851 2942 954 3020 Asopo
972 2950 1001 3001 et
1019 2940 1127 3019 Capro,

117 3027 262 3104 appellata
278 3029 370 3103 primo
391 3025 559 3104 Diospolis,
589 3026 655 3087 dein
673 3025 780 3087 Rhoas.
823 3025 928 3104 reliqui
950 3027 979 3084 in
1003 3042 1039 3084 eo
1060 3043 1127 3084 con·

117 3120 206 3168 ventu
232 3127 305 3194 quos
330 3111 479 3168 nominare
506 3127 564 3168 non
587 3112 686 3189 pigeat
707 3109 895 3187 Hydrelitae,
921 3108 1126 3186 Themisones,

78 3193 325 3276 asllierapolitae.
370 3192 456 3253 Alter
484 3203 643 3254 conventus
673 3212 688 3254 a
713 3193 847 3270 Synnade
870 3195 984 3271 accepit
1011 3211 1126 3253 nomen.

117 3279 293 3337 conveniunt
308 3275 475 3353 Lycaones,
500 3278 642 3358 Appiani,
662 3275 807 3355 Corpeni,
829 3276 986 3353 Dorylaei,
1009 3275 1127 3352 lllidaei,

116 3360 272 3437 Iulienses,
288 3369 317 3420 et
334 3361 440 3439 reliqui
458 3362 605 3439 ignobiles
622 3362 722 3441 populi
740 3360 804 3420 XV.
830 3360 946 3422 Tertius
959 3361 1116 3440 Apameam
1132 3369 1180 3422 too

119 3445 193 3504 vadit
216 3454 283 3505 ante
306 3445 480 3524 appellatam
496 3444 655 3525 Celaenas,
686 3445 753 3506 dein
776 3443 913 3506 Ciboton.
954 3447 1009 3506 sita
1031 3455 1077 3507 est
1099 3447 1129 3506 in
