2400 3856
285 193 365 241 uns.
388 193 469 242 ransc
490 191 537 240 vr.
560 183 678 237 18-20.
701 179 842 255 (aa-23.)
1009 169 1072 238 231

62 348 184 429 Gangen
208 366 264 428 per
288 344 474 407 Palibothros
497 344 626 406 decurrit
652 347 728 406 inter
752 345 859 424 oppida
884 341 1017 405 Methora
1043 313 1087 404 et¹

62 433 261 512 chrysoho'ra.
298 430 324 489 Α
348 428 448 507 Gange
472 447 563 511 versa
583 428 618 488 ad
640 430 789 490 meridiem
810 430 896 508 plaga
924 430 1072 505 tinguntur
1089 441 1127 494 70

62 519 127 579 sole
150 517 268 596 populi,
294 516 353 575 iam'
365 513 480 592 quidem
496 514 614 590 iniecti,
641 512 766 579 nondum
785 522 880 574 tameo
895 512 1072 589 Aethiopum

60 602 147 662 modo
160 601 273 677 exusti,
290 607 425 676 quantum
436 597 471 658 ad
483 596 582 658 Indum
597 598 741 659 accedunt
754 606 862 657 tantum
873 597 975 658 colore
987 613 1072 672 prae·
1170 647 1174 653 .

27 699 40 741 a
62 687 159 747 ierunt
171 683 260 744 sidus.
288 682 375 744 Indus
388 683 484 741 statim
496 699 512 742 a
524 681 690 741 Prasiorum
704 689 805 758 gente,
822 699 944 761 quorum
954 681 985 738 in
994 696 1073 739 moo-

62 771 135 830 tanis
148 768 286 846 Pygmaei
302 765 461 827 traduntur.
491 765 694 826 Artemidorus
709 767 787 826 inter
797 764 870 826 duos
882 783 980 826 amnes
994 760 1071 848 iffi!

61 872 138 933 pass.
156 854 303 912 interesse
319 849 423 910 tradit.-

124 932 177 998 20.
197 933 382 1015 (23.)1nous
398 934 502 996 incolis
519 933 624 996 Sindus
640 935 804 1014 appellatus
819 934 850 994 in
864 936 934 1012 iugo
951 931 1071 994 Caucasi
1089 943 1123 996 ⁷1

62 1022 168 1081 montis
185 1019 261 1097 quod
282 1026 404 1078 vocatur
418 1018 613 1098 Paropanisus
633 1019 774 1080 aduersus
793 1018 865 1079 solis
890 1027 983 1078 ortum
1001 1017 1071 1077 oliu-

24 1120 49 1159 ιο
63 1124 112 1186 sus
136 1113 165 1165 et
189 1105 254 1182 ipse
272 1102 452 1180 undeviginti
478 1105 583 1182 resipit
604 1121 721 1180 amnes,
747 1102 799 1162 sed
819 1102 996 1163 clarissimos
1015 1101 1073 1178 Hp·

57 1190 172 1267 ¹daspen
185 1194 321 1266 quattuor
333 1186 407 1246 alios
420 1186 612 1263 adferentem,
629 1185 786 1247 (lactabam
801 1189 871 1263 tris,
886 1204 1071 1265 persevero

61 1270 245 1349 navigabiles
263 1270 419 1330 Acesinum
436 1278 466 1330 et
481 1269 657 1348 Hysephim‚
681 1270 801 1349 quadam
820 1279 915 1331 tamen
936 1289 1072 1349 aquarum

61 1355 206 1416 modestia
227 1371 365 1430 nusquam
393 1352 480 1413 latior
500 1353 523 1413 t
544 1354 644 1414 stadiis
669 1362 717 1413 aut
738 1354 825 1415 altior
846 1353 901 1413 XV
924 1355 1071 1433 passibus,

62 1439 266 1517 amplissimam
290 1437 409 1497 insulam
434 1437 565 1497 eiiicieos
590 1456 664 1516 quae
690 1437 829 1497 Prasiane
853 1441 1014 1499 nominatur
1041 1448 1073 1499 et

24 1539 50 1581 15
64 1525 147 1583 aliam
167 1523 307 1582 minorem
326 1538 400 1599 quae
420 1519 528 1581 Patale.
558 1523 624 1600 ipse
641 1539 696 1600 per
709 1523 777 1604 μ’)ῐῖῆ
795 1518 840 1580 CL
858 1519 888 1580 M
908 1540 987 1600 pass.
1008 1541 1073 1602 par·
1089 1532 1124 1584 tt

63 1607 187 1668 cissimis
204 1605 370 1666 auctoribus
383 1607 534 1683 navigatus
551 1612 582 1666 et
598 1605 721 1683 quodam
737 1606 809 1665 solis
825 1607 963 1666 comitatu
978 1605 1009 1666 in
1025 1625 1073 1667 oc-

63 1709 160 1752 casum
174 1708 278 1750 versus
296 1707 407 1751 oceano
422 1688 588 1749 infunditur.
620 1689 785 1750 Mensuram
803 1707 873 1751 orae
888 1689 924 1751 ad
940 1708 1005 1750 eum
1021 1708 1072 1770 po·

63 1793 143 1852 nam,
161 1781 192 1834 ut
206 1775 341 1850 invenio,
363 1775 541 1850 generatim,
566 1791 732 1852 quamquam
748 1775 826 1836 inter
843 1793 876 1834 se
893 1774 990 1835 nullae
1004 1793 1072 1835 con·

62 1866 178 1938 gruunt.
210 1856 257 1917 Ab
274 1858 351 1917 ostio
368 1855 476 1935 Gangis
492 1856 527 1918 ad
540 1859 768 1936 promunturium
785 1856 926 1935 Calingon
944 1867 974 1918 et
990 1862 1073 1936 oppi-

24 1959 52 2002 ao
65 1945 130 2004 dum
145 1940 320 2018 Dandaguda
334 1939 470 2001 DGXXV
483 1941 541 2001 mil.
558 1959 703 2019 passuum,
717 1941 752 2000 ad
764 1941 891 2020 Tropina
909 1944 971 2026 p'x'ffl
989 1942 1073 2002 XXV

63 2027 93 2088 M
112 2045 204 2105 pass,
223 2025 257 2085 ad
275 2024 438 2086 Perimulae
460 2026 697 2102 promunturium,
717 2025 767 2085 uhi
787 2035 833 2086 est
849 2025 1073 2087 celeberrimum

63 2111 161 2172 lodiae
180 2111 357 2189 emporium,
380 2107 495 2185 DGGL,
517 2109 551 2170 ad
572 2109 708 2189 oppidum
730 2112 759 2170 io
779 2110 871 2170 insula
886 2128 968 2188 quam
984 2129 1073 2190 supra

64 2195 185 2254 diximus
203 2194 330 2255 Patalam
346 2192 455 2254 DCXX
468 2192 498 2252 M
514 2211 592 2271 pass.
622 2192 732 2255 Gentes
747 2204 901 2256 montanae
915 2197 993 2256 inter
1009 2214 1074 2256 eum
1089 2201 1125 2255 ta

64 2287 96 2338 et
117 2278 262 2337 Iomanem
284 2275 389 2353 Gaesi,
416 2274 567 2337 Cetrihoni
592 2277 764 2355 silvestres,
790 2280 895 2340 deinde
917 2276 1072 2357 Megallae,

24 2377 185 2440 aequorum
203 2362 267 2436 regi
287 2360 313 2419 D
332 2360 497 2438 elephanti,
518 2359 646 2437 peditum
670 2363 856 2440 equitumque
878 2380 1013 2423 numerus
1031 2365 1073 2423 in·

65 2452 179 2519 certus,
202 2441 343 2520 Chrysei,
365 2443 567 2520 Parasangae,
585 2443 719 2521 Asmagi,
740 2446 808 2521 tigri
828 2445 891 2505 iera
914 2455 1072 2506 scatentes.

65 2535 174 2588 armant
188 2527 315 2606 peditum
329 2525 413 2586 XXX
429 2528 501 2604 mil,
523 2526 696 2605 elephantos
714 2525 805 2606 000,
829 2530 943 2607 equites
960 2527 1073 2592 DGCG.

65 2611 119 2671 hos
139 2611 225 2672 lndos
242 2611 362 2670 includit
375 2613 511 2671 montium
532 2628 640 2672 corona
655 2612 847 2673 circumdatos
864 2622 895 2673 et
914 2614 1074 2674 solitudini·

65 2695 119 2755 bus
135 2713 189 2773 per
202 2691 339 2755 DCXXV
354 2693 391 2755 M.
416 2697 494 2756 lnira
508 2694 681 2756 solitudines
695 2694 777 2773 Dari,
792 2697 895 2774 Surae,
911 2699 1073 2777 uterumque

27 2795 54 2836 ao
67 2778 239 2839 solitudines
257 2797 312 2857 per
333 2777 521 2841 clxxxvii
540 2779 570 2841 Μ
591 2799 667 2859 pass.
691 2780 861 2861 plerumque
883 2781 999 2843 harenis
1017 2801 1073 2843 em·

65 2863 213 2925 bientihus
233 2862 301 2922 haut
321 2863 378 2926 alio
399 2864 485 2924 modo
506 2882 589 2943 quam
608 2864 717 2924 insulas
738 2868 818 2928 mari.
854 2866 932 2926 lnlra
956 2866 1074 2927 deserta
1089 2872 1127 2924 ts

65 2947 138 3008 haec
158 2947 392 3025 Malthaecorae,
427 2948 552 3026 Singae,
583 2947 720 3027 Maroae,
749 2947 923 3026 Rarungae,
948 2949 1071 3012 Moruni.

65 3030 100 3089 lli
116 3033 254 3092 montium
270 3033 317 3110 qui
335 3040 479 3112 perpetuo
495 3041 587 3093 tractu
606 3034 641 3093 ad
657 3035 760 3094 oceani
776 3050 855 3093 oram
871 3035 1019 3111 pertinent
1032 3036 1074 3095 io·

66 3114 149 3175 colae
164 3114 250 3176 liberi
265 3125 296 3177 et
311 3135 412 3194 regum
427 3125 567 3195 expertes
583 3117 680 3177 multis
696 3117 816 3178 urbibus
831 3126 984 3179 montanos
999 3121 1075 3197 opti·

25 3212 53 3253 as
68 3208 137 3258 nent
157 3198 260 3259 colles.
298 3199 414 3260 Nareae
437 3198 558 3276 deinde,
588 3218 662 3279 quos
683 3200 790 3261 claudit
812 3219 894 3261 mons
917 3202 1073 3263 altissimus

67 3281 228 3342 Indicorum
252 3279 402 3361 Capitalia.
439 3284 523 3345 huius
545 3285 659 3346 incolae
683 3284 740 3345 alio
764 3284 858 3346 latere
879 3286 939 3348 late
960 3289 1022 3347 auri
1044 3296 1074 3348 et

67 3368 181 3442 argenti
192 3365 309 3427 metalla
322 3367 444 3427 fodiunt.
467 3368 514 3429 Ab
526 3368 571 3430 his
582 3368 834 3448 Oratae,'quorum
847 3371 912 3447 regi
924 3369 1072 3449 elephanti
1091 3378 1126 3433 75

67 3449 183 3528 quidem
197 3449 316 3530 decem,
341 3451 394 3512 sed
414 3452 526 3532 amplae
543 3455 623 3514 vires
639 3453 783 3533 peditum,
803 3453 1024 3533 Suarataratae,
1043 3464 1075 3517 et
