2400 3856
110 129 153 192 24
456 141 487 190 c.
509 142 604 190 eninr
628 142 777 192 suenum

111 296 208 378 pauci,
235 297 439 357 Aristomacho
461 299 509 375 qui
532 299 618 373 item,
646 297 774 357 Philisco
796 298 945 375 quibem,
968 293 1125 374 Nicandro,

111 383 298 459 Menecrate,
325 381 470 457 Dionysio
493 383 541 460 qui
563 381 717 458 Magonem
738 381 901 457 transtulit,
929 379 1124 458 Empedocle,

113 465 302 542 Callimacho,
318 465 419 527 Attalo
432 483 517 543 rege,
533 465 718 544 Apollodoro
731 464 828 543 quide
841 464 946 525 bestiis
958 465 1124 540 venenatis,

110 551 309 629 Hippocrate,
325 549 504 630 Herophilo,
521 548 712 625 Erasistrato,
729 548 920 628 Asclepiade,
936 547 1125 625 Themisone,

111 635 271 695 Posidonio
294 633 416 711 Stoico,
438 633 605 694 blenaudris
626 633 770 693 Prienaeo
794 642 824 693 et
838 631 1045 709 Heracliense,
1066 630 1146 695 llo-a

112 718 238 797 phronio
255 718 420 795 Athenaeo,
437 716 652 794 Theophrasto,
668 716 810 795 Hesiodo,
827 716 1026 776 Philometore
1042 734 1125 792 rege.

174 800 264 863 Libro
286 801 352 863 ΧΠ.
376 803 561 863 continentur
581 801 717 861 arborum
739 810 869 862 naturae.
900 797 1002 880 (1.2)
1024 798 1128 859 Honor

112 906 221 949 earum.
251 884 399 966 (3-63)
418 885 463 944 De
479 886 646 963 peregrinis
661 885 826 949 arboribus.
858 882 931 965 (3-
940 883 976 960 5)
992 883 1126 962 platanus

112 968 248 1057 [quando
267 972 387 1048 primum
403 971 432 1027 in
447 966 558 1028 ltaliam
574 977 604 1027 et
620 969 704 1029 unde.
738 967 768 1030 4.
784 977 851 1029 natu
858 987 889 1029 ra
905 986 1011 1045 earum,
1031 964 1060 1030 5.
1076 969 1127 1025 mi-

111 1056 208 1116 nacula
231 1047 356 1136 exiis).
392 1051 443 1131 (6)
463 1051 700 1131 chamaeplatani.
740 1051 812 1125 Quis
836 1055 957 1132 primum
978 1051 1162 1115 viridiariano

108 1139 239 1213 ¹tondere
254 1138 424 1196 instituerit.
461 1135 513 1213 (7)
529 1135 634 1195 Malum
653 1137 806 1214 Assyrium
831 1135 977 1215 quomodo
998 1143 1126 1196 seratur.

111 1220 249 1301 (8-17)
270 1220 370 1281 Indiae
391 1220 524 1283 arbores.
563 1216 615 1305 [9.
642 1223 755 1298 quando
774 1223 895 1300 primurn
916 1220 1049 1281 hebenus
1067 1216 1127 1278 no-

112 1323 175 1366 mae
198 1306 268 1364 visa.
301 1322 375 1382 quae
391 1322 503 1382 genera
521 1306 594 1364 eius.
625 1302 672 1367 10.
689 1307 772 1384 spina
787 1305 892 1364 ludica.
925 1303 973 1365 ll.
992 1304 1063 1363 licus
1081 1302 1128 1362 ln·

111 1390 188 1450 dica.
217 1386 268 1449 12.
286 1388 376 1448 arbor
388 1389 463 1467 pala,
480 1406 595 1468 pomum
609 1391 714 1454 ariera.
747 1387 796 1452 13.
813 1388 973 1449 Indicarum
991 1387 1129 1448 arborum

109 1475 224 1536 formae
246 1474 311 1534 sine
333 1473 505 1533 nominibus.
528 1473 662 1533 liniferae
676 1472 811 1533 ludorum
822 1473 955 1534 arbores.
980 1468 1027 1532 14.
1045 1472 1163 1550 pipern

110 1561 152 1618 ris
175 1559 309 1634 arbores,
323 1575 434 1635 genera
449 1558 571 1635 piperis,
584 1557 715 1635 bregma,
729 1558 872 1634 zingiberi
886 1559 949 1617 sive
962 1556 1128 1634 zimpiberi,

113 1640 161 1705 15.
182 1640 413 1718 caryophyllon,
434 1641 540 1718 lycium
558 1644 621 1701 sive
637 1641 848 1719 pyxacanthum
867 1639 1048 1718 Chironium,
1077 1636 1127 1700 16.

110 1725 232 1803 machir,
258 1724 305 1787 17.
324 1720 495 1813 saccaron).
534 1724 606 1806 (18)
624 1726 758 1786 Arbores
775 1725 902 1786 Arianae
918 1725 1033 1803 gentis,
1055 1725 1128 1783 item

106 1809 294 1886 Gedrosiae,
322 1810 392 1868 item
414 1808 592 1887 Hyrcaniae,
622 1808 695 1889 (19)
718 1812 787 1869 item
804 1809 946 1869 Bactriae.
986 1806 1127 1868 bdellium

112 1896 177 1954 sive
197 1893 336 1954 brochum
358 1895 422 1954 sive
446 1893 602 1954 malacham
624 1896 689 1954 sive
708 1893 882 1970 malducum,
900 1892 1053 1953 scordasti.
1093 1890 1161 1956 lnao

113 1979 245 2038 omnibus
271 1977 411 2037 odoribus
435 1987 484 2038 aut
506 1978 698 2038 condimentis
726 1978 859 2037 dicuntur
883 1977 1125 2050 adulterationes,

112 2062 331 2140 experimenta,
354 2063 456 2139 pretia.
495 2059 568 2141 (20)
593 2061 721 2121 Persidis
743 2061 878 2122 arbores.
916 2058 989 2140 (21)
1013 2060 1126 2120 Persici

111 2145 198 2204 maris
220 2143 376 2204 insularum
401 2145 535 2206 arbores.
579 2147 770 2223 gossypinum
792 2146 890 2207 arbor.
931 2142 1006 2225 (22)
1028 2141 1126 2221 Cynos

112 2229 208 2289 arbor.
237 2226 283 2286 Ex
296 2228 400 2306 quibus
412 2229 567 2289 arboribus
579 2229 669 2291 lintea
685 2231 712 2288 in
730 2231 845 2290 oriente
863 2230 941 2289 liant.
973 2226 1046 2309 (23)
1059 2226 1125 2298 Quo

111 2315 141 2373 in
163 2313 230 2373 loco
256 2312 392 2373 arborum
414 2313 500 2373 nullis
521 2312 592 2372 lolia
614 2312 757 2373 decidant.
800 2311 873 2392 (24)
895 2312 1007 2384 Quibus
1031 2312 1160 2377 modism

112 2406 249 2458 constent
271 2397 407 2457 arborum
429 2398 568 2460 fructuos.
587 2393 660 2476 (25)
681 2397 725 2458 De
749 2406 843 2457 costo.
881 2395 953 2476 (26)
970 2397 1007 2457 de
1024 2395 1123 2460 nardo.

113 2481 296 2542 differentiae
315 2483 378 2542 eius
393 2480 458 2541 Xll.
492 2479 565 2559 (27)
581 2483 706 2543 Asaron.
736 2478 808 2560 (28)
823 2499 975 2558 amomum,
992 2480 1124 2557 amomiS,

112 2563 185 2644 (29)
201 2565 420 2626 cardamomum.
454 2564 623 2645 (30-32)
648 2565 693 2625 De
714 2567 834 2625 turifera
856 2566 982 2643 regione
1002 2559 1065 2649 (31
1088 2564 1125 2625 de

7 2661 26 2675 ·‘
112 2649 268 2708 arboribus
285 2666 358 2726 quae
376 2658 421 2709 tus
437 2650 543 2709 lerunt.
571 2648 622 2711 32.
639 2668 712 2728 quae
731 2658 833 2709 natura
849 2651 922 2709 turis
938 2658 969 2708 et
986 2667 1061 2729 quae
1073 2668 1126 2727 ge·

112 2725 216 2818 nera).
247 2729 404 2810 (33—35)
431 2732 476 2791 De
498 2751 593 2792 murra
615 2727 686 2816 (34.
711 2732 748 2792 de
771 2733 927 2794 arboribus
948 2751 1006 2811 que
1027 2734 1160 2798 teranto

113 2833 184 2876 eam.
225 2811 275 2876 35.
305 2823 404 2873 natura
432 2824 463 2874 et
485 2834 596 2892 genera
635 2812 783 2901 murrae).
820 2815 893 2896 (36)
915 2817 952 2878 de
973 2817 1124 2878 mastiche.

113 2898 178 2978 (37.
193 2898 229 2959 de
261 2897 382 2976 ladano,
425 2901 540 2972 storbo,
564 2897 636 2979 (38)
652 2899 803 2961 enhaemo.
826 2899 897 2980 (39)
911 2902 1011 2962 bratus
1026 2902 1125 2962 arbor.

112 2982 184 3063 (40)
200 2983 330 3044 stobrum
355 2982 453 3043 arbor.
496 2981 568 3063 (41)
588 2982 632 3043 De
650 2983 791 3045 felicitate
811 2985 950 3046 Arabiae.
990 2982 1065 3064 (42)
1080 2984 1125 3045 De

111 3072 254 3145 cinnamo,
276 3069 468 3144 cinnamomo,
484 3068 699 3143 xylocinnamo.
731 3067 805 3149 (43)
823 3071 910 3130 casia.
935 3067 1008 3150 (44)
1025 3087 1125 3130 canoa·

110 3173 195 3230 mum,
213 3162 314 3212 tarum.
344 3148 416 3231 (45)
432 3153 616 3230 serichatmn,
633 3152 787 3231 gabalium.
820 3151 893 3232 (46)
909 3154 1159 3231 myrobalanusec

110 3237 183 3316 (47)
211 3235 490 3316 phoenicobalanus.
528 3234 600 3314 (48)
624 3236 791 3297 Dccalamo
814 3237 956 3315 odorato,
982 3237 1019 3300 de
1037 3240 1126 3299 iunco

111 3322 243 3381 odorato.
281 3318 354 3400 (49)
371 3320 613 3381 Hammoniacum.
637 3318 710 3399 (50)
727 3322 886 3400 sphagnos.
914 3321 988 3402 (51)
1006 3341 1124 3400 cypros.

110 3402 182 3486 (52)
198 3406 363 3484 aspalathos
382 3408 446 3466 sive
464 3405 701 3483 erysisceptrum.
741 3404 814 3484 (53)
838 3423 948 3467 maron.
985 3405 1059 3487 (54)
1081 3406 1126 3466 De
