2400 3856
357 363 392 445 (l.
422 361 573 444 l’lllll
602 361 837 444 suudlut

203 514 578 611 laruarum
621 514 989 655 ursrcnmu
1073 587 1075 592 .

452 678 655 745 LIBER
695 679 736 744 V.

500 839 674 850 ψαι-

159 951 256 1030 (Sept.
276 951 321 1030 1.)
352 949 481 1011 Africam
498 947 603 1010 Graeci
623 949 740 1025 Libyam
762 948 956 1026 appellavere
973 958 1002 1010 et
1018 968 1098 1010 mare
1109 967 1126 1022 1

95 1045 162 1098 aute
179 1031 242 1094 eam
257 1034 404 1110 Libycum.
436 1033 584 1112 Aegyptio
601 1033 711 1112 linitur,
723 1052 778 1095 uec
801 1031 857 1093 alia
873 1049 941 1111 pars
958 1042 1099 1095 terrarum

96 1120 253 1198 pauciores
272 1119 378 1198 recipit
393 1118 489 1194 sinus,
513 1117 602 1194 longe
618 1116 654 1177 ab
674 1118 825 1180 occidente
847 1115 962 1178 litorum
979 1117 1098 1197 obliquo

96 1205 201 1283 spatio.
239 1201 415 1282 Populorum
433 1202 495 1261 eius
514 1199 744 1279 oppidorumque
761 1204 875 1264 nomina
896 1202 945 1262 vel
966 1219 1100 1263 maxume

73 1296 163 1357 ,snut
179 1286 336 1347 ineffabilia
350 1294 553 1364 praeterquam
564 1283 693 1361 ipsorum
707 1285 825 1362 linguis,
843 1294 872 1345 et
887 1285 960 1346 alias
977 1287 1100 1347 castella

96 1373 189 1432 ferme
207 1368 372 1430 inhabitant.

127 1486 131 1492 ·
161 1451 233 1532 (lap.
255 1454 282 1513 1.
302 1451 446 1532 Principio
464 1461 605 1513 terrarum
619 1449 818 1513 Mauretaniae
834 1451 1034 1530 appellantur,
1052 1467 1129 1522 usa

97 1557 155 1619 que
170 1539 206 1598 ad
227 1535 259 1598 0.
283 1535 440 1597 Gaesarem
462 1535 624 1598 Germanici
642 1534 736 1596 lilium
758 1552 865 1613 regna,
893 1537 1014 1596 saevitia
1037 1538 1100 1596 eius

96 1625 125 1683 in
146 1623 218 1683 duas
242 1621 353 1682 divisae
378 1621 553 1700 provincias.
582 1619 811 1681 Promontorium
836 1620 939 1679 ocealri
954 1630 1102 1680 extumum

60 1729 86 1770 aa
96 1706 266 1784 Ampelusia
280 1706 442 1766 nominatur
455 1722 472 1765 a
488 1703 617 1766 Graecis.
645 1701 759 1782 Oppida
773 1704 856 1764 luere
870 1703 952 1764 Lissa
968 1713 998 1764 et
1014 1702 1100 1765 Gotte

96 1790 172 1850 nltra
191 1789 338 1850 columnas
355 1788 501 1865 Herculis,
517 1806 592 1850 nunc
607 1797 653 1848 est
669 1786 752 1864 'l'iugi
767 1787 912 1866 quondam
931 1788 966 1848 ab
985 1787 1100 1848 Antaeo

97 1873 260 1949 conditum,
277 1883 381 1953 postea
396 1893 413 1935 a
429 1870 552 1934 Claudio
570 1870 715 1946 Caesare,
735 1889 799 1930 cum
816 1871 960 1931 coloniam
974 1871 1099 1948 iaceret,

96 1957 274 2036 appellatum
291 1956 434 2019 Traducta
448 1956 531 2017 lulis.
559 1955 643 2017 abest
667 1954 812 2015 aBelone
837 1956 945 2034 oppido
961 1956 1101 2016 Baeticae

97 2059 238 2121 proxumo
254 2043 376 2102 traiectu
390 2038 474 2101 XXX
488 2039 519 2101 ll
532 2059 612 2121 pass.
644 2038 690 2100 Ab
706 2056 744 2100 eo
759 2037 842 2101 XXV
856 2038 886 2100 ll
906 2058 986 2119 pass.
1003 2042 1031 2100 iu
1049 2057 1101 2101 ora

60 2150 87 2190 as
98 2127 201 2188 oceani
219 2125 336 2186 colonia
352 2125 475 2203 Augusti
490 2124 562 2187 lulia
579 2122 747 2186 Constantia
761 2123 854 2201 tulit,
875 2143 979 2203 regum
995 2125 1101 2187 dicioni
1136 2146 1140 2153 ·

98 2219 235 2289 exempta
260 2219 289 2269 et
310 2211 371 2271 iura
388 2211 416 2270 in
433 2210 581 2270 Baeticam
602 2218 707 2288 petere
719 2210 807 2269 iussa.
839 2208 875 2268 ab
892 2226 928 2269 ea
944 2207 1055 2270 XXXII
1072 2208 1101 2270 ll

97 2311 175 2372 pass.
200 2293 316 2352 colonia
338 2310 357 2359 a¹
376 2290 496 2353 claudio
519 2291 649 2354 Caesare
671 2292 749 2353 iacta
771 2292 859 2353 Lixos
876 2293 927 2352 vel
944 2291 1100 2352 fabulosis·

97 2378 169 2435 sime
194 2377 316 2453 antiquis
342 2384 465 2435 narrata.
501 2375 545 2435 lbi
571 2377 653 2452 regia
676 2374 781 2435 Antaei
804 2384 1011 2453 certamenque
1035 2386 1128 2441 cuma

96 2459 224 2519 Hercule
243 2463 272 2518 et
286 2458 479 2537 Hesperidum
493 2458 580 2519 horti.
603 2457 767 2519 adfunditur
783 2467 879 2519 autem
895 2459 1068 2519 aestuarium
1084 2478 1101 2519 e

58 2563 88 2604 aa
98 2544 168 2604 mari
186 2543 319 2604 flexuoso
334 2550 448 2617 meatu,
471 2544 499 2602 in
515 2559 573 2621 quo
589 2542 722 2603 draconis
739 2542 888 2603 custodiae
905 2545 995 2604 instar
1010 2543 1101 2603 fnisse

98 2645 173 2688 nunc
182 2629 416 2707 interpretantur.
435 2627 619 2705 amplectitur
631 2627 704 2687 intra
717 2644 751 2686 se
765 2627 898 2703 insulam,
912 2645 997 2708 quam
1008 2627 1100 2688 solam

99 2731 116 2772 e
133 2712 229 2773 vicino
250 2719 344 2773 tractu
366 2710 514 2789 aliquanto
530 2710 698 2772 excelsiore
714 2727 772 2772 non
788 2720 886 2773 tamen
900 2720 999 2773 aestus
1014 2713 1101 2773 maris
1179 2767 1182 2771 .

97 2796 244 2857 inundant.
272 2805 368 2857 exstat
388 2795 417 2854 in
437 2813 472 2856 ea
488 2804 519 2856 et
534 2813 584 2857 ara
598 2795 733 2857 llerculis
749 2812 805 2858 nec
821 2805 942 2875 praeter
955 2795 1101 2857 oleastros

98 2879 175 2940 aliud
197 2899 234 2942 er
254 2889 370 2941 narrato
392 2878 445 2940 illo
467 2879 594 2941 aurifero
616 2897 746 2941 nemore.
780 2879 873 2941 llinus
892 2881 1028 2960 profecto
1049 2880 1130 2943 mit

59 2986 88 3026 as
99 2972 199 3024 rentur
222 2972 393 3042 portentosa
418 2962 560 3025 Graeciae
580 2963 730 3026 mendacia
755 2964 792 3026 de
815 2965 850 3025 iis
874 2974 904 3025 et
926 2980 1008 3025 amne
1028 2962 1101 3023 Lixo

98 3046 214 3126 prodita
230 3048 278 3125 qui
302 3049 432 3125 cogitent
452 3057 569 3108 nostros
588 3067 739 3128 nuperque
755 3048 950 3128 paulominus
968 3048 1103 3107 monstri·

98 3132 153 3191 fica
169 3130 310 3209 quaedam
326 3130 362 3192 de
378 3131 482 3193 iisdem
497 3131 668 3210 tradidisse,
692 3132 891 3213 praevalidam
910 3132 986 3193 lraue
1001 3130 1102 3191 urbem

96 3216 295 3296 maioremque
316 3232 420 3293 magna
442 3213 634 3294 Carthagine,
657 3226 813 3296 praeterea
836 3235 873 3276 ex
894 3217 1019 3278 adverso
1038 3215 1101 3274 eius

98 3300 181 3360 sitam
205 3309 234 3361 et
250 3316 344 3380 prope
369 3301 499 3362 inmenso
515 3310 609 3362 tractu
632 3301 668 3362 ab
684 3301 785 3380 Tingi,
804 3318 939 3382 quaeque
955 3300 1012 3362 alia
1028 3297 1101 3359 Gur·

61 3383 193 3449 anuclius
214 3383 317 3463 Nepos
336 3383 502 3447 avidissime
526 3385 657 3448 credidit.
691 3383 737 3445 Ab
757 3383 829 3446 Lixo
851 3382 901 3446 XL
923 3383 995 3447 llin
1010 3383 1133 3447 mett-e
