2400 3856
318 202 400 251 nnn.
422 201 513 250 ursa.
537 203 587 249 111.
611 196 694 247 o-r.
719 185 868 269 (ro-13.)t
1035 182 1096 248 139

89 359 167 418 ostio
184 354 303 433 hletIna,
318 372 386 415 mox
401 372 475 432 quae
491 355 659 415 Blascorum
678 364 815 432 vocatur,
832 364 862 416 ct
880 363 942 416 tres
957 353 1096 414 Stoecha·

88 442 141 501 des
159 460 174 501 a
189 441 292 500 vicinis
304 437 537 499 Massiliensibus
550 438 644 498 dIctae
660 446 784 517 propter
800 438 930 499 ordinem
946 456 1004 517 quo
1021 439 1096 497 sitae

89 533 162 585 sunt.
200 525 314 584 nomina
335 521 457 599 siugulis
473 521 581 597 Prote,
596 520 680 582 illese
701 539 774 599 quae
791 531 821 583 et
835 522 1031 601 Pomponiana
1046 538 1097 579 vo·

89 616 181 685 catur,
197 610 283 668 tertia
298 605 428 685 Hypaea.
457 604 493 664 ab
509 604 554 664 his
570 603 712 680 Sturium,
729 604 894 683 Phoenice,
912 605 1004 680 Phila,
1019 603 1096 667 Lero

66 701 120 754 set
129 691 234 752 Lerina
245 691 399 750 adversum
411 688 584 767 Antipolim,
597 690 626 748 in
639 687 824 766 quaBerconi
838 689 936 767 oppidi
949 688 1097 747 memoria.

153 773 183 836 6.
200 772 282 853 (12.)
297 773 329 832 lu
344 771 494 849 ligustico
512 774 582 832 mari
602 780 649 832 est
664 769 784 832 Corsica
804 791 886 850 quam
904 771 1006 832 Graeci
1023 768 1095 845 Cyr-
1106 778 1141 832 80

89 878 147 919 non
165 857 371 937 appellavere,
388 855 442 915 sed
461 854 558 915 Tusco
573 857 714 935 propior,
734 874 749 914 a
769 857 973 933 septentrione
989 855 1018 914 in
1039 873 1099 914 me·
1182 900 1185 905 .

89 944 192 1004 ridicm
215 943 364 1020 proiecta,
386 939 475 1016 longa
504 957 639 1017 passuum
661 937 707 998 CL
730 940 822 1016 milia,
846 939 903 999 lata
923 941 1034 999 maiore
1061 956 1100 998 ex

89 1035 173 1105 parte
192 1026 417 1104 quinquaginta,
439 1024 560 1082 circuitu
574 1020 735 1083 CCCXXV
749 1021 786 1084 lt.
800 1023 884 1083 abest
902 1041 918 1083 a
932 1022 1022 1082 Vadis
1038 1020 1099 1083 Vo·
1188 1098 1191 1103 Ι

55 1133 80 1172 ιο
89 1110 243 1170 laterranis
258 1105 337 1167 LXII
354 1105 384 1166 ll
404 1124 498 1185 pass,
521 1108 656 1167 ciuitates
678 1106 768 1168 habet
781 1105 893 1167 XXXII
914 1115 943 1167 et
966 1106 1098 1166 colonias

89 1193 282 1253 lllarianama
305 1188 338 1251 C.
355 1189 447 1250 llario
471 1189 638 1268 deductam,
664 1191 794 1252 Aleriam
814 1209 829 1250 a
851 1190 993 1251 dictatore
1009 1188 1097 1249 Sulla.

91 1275 171 1336 Citra
186 1283 232 1336 est
250 1273 374 1351 Oglasa,
396 1275 584 1350 intravero,
606 1282 637 1334 ct
661 1276 814 1351 sexaginta
829 1275 906 1334 milia
927 1292 1061 1354 passuum
1083 1291 1100 1332 a

91 1358 223 1432 Corsica,
238 1357 399 1417 Planasiaa
416 1359 516 1433 specle
534 1356 626 1433 dicta,
642 1357 771 1435 aequalis
783 1358 861 1417 freto
879 1358 1005 1437 ideoque
1021 1359 1099 1417 navi·

91 1445 148 1521 giis
163 1441 261 1501 fallax.
289 1439 423 1517 Amplior
438 1437 521 1514 Urgo
539 1447 568 1499 et
585 1438 734 1517 Capraria,
751 1458 834 1518 quam
846 1439 948 1501 Graeci
960 1441 1140 1522 Aegilionlssl

56 1527 211 1601 indixere,
232 1526 302 1584 item
322 1522 436 1599 Igilium
464 1530 495 1582 et
515 1521 648 1583 Dianium
671 1541 755 1601 quam
775 1523 977 1602 Artemisiam,
998 1524 1098 1584 ambae

91 1618 191 1671 contra
218 1605 363 1668 Cosanum
392 1605 479 1683 litus,
508 1614 537 1666 et
562 1606 708 1685 Barpana,
734 1606 879 1685 Menaria,
905 1605 1099 1684 Columbaria,

91 1694 237 1768 Venaria,
258 1691 320 1751 llva
343 1708 406 1750 cum
425 1689 497 1750 lcrri
518 1689 660 1767 metallis,
683 1691 821 1750 circuitus
841 1699 955 1751 centum
972 1691 1067 1767 milia,
1084 1706 1100 1751 a

92 1776 255 1854 Populonio
274 1775 393 1851 decem,
414 1791 431 1833 a
447 1770 567 1834 Graecis
584 1772 722 1834 Aethalia
744 1774 829 1834 diota.
866 1775 902 1834 ab
919 1792 954 1835 ea
968 1775 1100 1834 Planasia

92 1858 219 1919 XXVlll
236 1857 275 1919 Μ.
321 1857 369 1918 Ab
390 1856 435 1917 his
454 1856 529 1916 ultra
545 1856 682 1924 Tiberina
701 1858 776 1918 ostia
792 1858 822 1917 io
835 1858 962 1918 Antiano
979 1858 1099 1932 Astura,

56 1961 160 2004 acmox
174 1942 325 2019 Palmaria,
342 1941 459 2001 Sinonia
476 1949 506 2001 et
522 1941 675 2001 adversum
690 1941 821 2002 Formias
836 1942 967 2002 Pontiae.
996 1942 1028 2002 ln
1044 1941 1097 2001 Pu·
1108 1947 1142 2000 82

94 2028 213 2088 teolano
231 2035 327 2087 autem
344 2027 408 2086 elnu
423 2024 605 2101 Pandateria,
621 2024 776 2104 Prochyta,
792 2044 850 2086 noo
865 2026 900 2087 ab
915 2025 1037 2087 Aeneae
1051 2044 1101 2086 ou·

94 2113 184 2190 trice,
201 2111 255 2172 sed
276 2112 341 2189 quia
363 2109 485 2188 profusa
502 2109 538 2171 ab
553 2108 681 2169 Aenaria
703 2118 783 2185 erat,
800 2108 926 2171 Aenaria
941 2130 957 2170 a
973 2113 1100 2172 statione

92 2198 206 2255 navium
221 2194 354 2270 Aeneae,
368 2192 495 2253 homero
511 2192 634 2254 Inarime
650 2192 743 2271 dluta,
759 2192 927 2271 Pithecusa,
944 2213 1003 2255 non
1024 2212 1042 2255 a
1061 2195 1100 2273 si·

92 2281 211 2339 miarum
231 2277 412 2338 multitudine
435 2276 482 2352 (ut
503 2275 590 2355 aliqui
613 2280 853 2356 existimavere),
876 2278 929 2338 sed
954 2297 970 2337 a
993 2278 1100 2354 figlinis

58 2379 84 2419 25
94 2362 245 2421 doliorum.
262 2360 342 2420 lnter
358 2360 542 2438 Pausilypum
557 2369 588 2419 et
602 2358 756 2438 Neapolim
770 2360 908 2439 Megaris,
922 2378 991 2421 mox
1005 2379 1021 2420 a
1033 2360 1101 2420 Sur·

92 2453 177 2505 rento
200 2452 268 2504 octo
293 2442 408 2502 milibus
427 2460 561 2520 passuum
583 2442 725 2502 distantes
745 2441 845 2502 'liberi
868 2445 1008 2521 principis
1032 2460 1100 2505 arce

91 2529 208 2589 nobiles
226 2525 359 2606 Capreae
380 2526 503 2584 circuitu
520 2522 561 2583 Xl
578 2523 608 2583 hl
623 2542 770 2603 passuum.
815 2523 896 2603 (131)
920 2525 1143 2605 Leucothea,8³

93 2621 234 2690 extraque
255 2616 460 2687 conspectum,
484 2608 606 2686 pelagus
630 2607 762 2668 Africum
784 2610 947 2687 attingens,
970 2610 1101 2672 Sardinia

92 2698 184 2756 miuus
204 2703 272 2755 octo
294 2693 409 2753 milibus
425 2710 560 2771 passuum
582 2689 754 2753 aCorsicae
776 2694 932 2769 extremis,
948 2695 1102 2755 etiamnum

57 2780 240 2858 coangustias
258 2797 308 2839 eas
327 2777 487 2838 artantibus
510 2776 613 2836 insulis
632 2777 730 2854 parvis
747 2794 821 2856 quae
838 2774 1036 2838 Cuniculariae
1052 2796 1101 2857 ap·

92 2864 237 2941 pellantur
254 2865 383 2941 itemque
394 2860 544 2921 Phintonis
563 2868 594 2921 et
605 2859 729 2940 Fossae,
744 2861 876 2940 aquibus
888 2862 994 2921 fretum
1008 2863 1101 2939 ipsum

93 2946 224 3025 Taphros
239 2948 413 3006 nomInatur.

153 3029 182 3091 t.
203 3030 334 3091 Sardinia
347 3029 383 3090 ab
396 3030 513 3089 oriente
530 3035 634 3108 patens
647 3026 850 3089 CLXXXVIII
864 3027 940 3087 milia
952 3026 1144 3110 passuum,:84

93 3115 129 3175 ab
148 3112 300 3173 occidente
320 3109 452 3174 CLXXV
471 3113 565 3189 mdia,
590 3113 744 3173 ameridIe
761 3110 896 3172 LXXVII
912 3112 1006 3188 milia,
1023 3130 1039 3172 a
1055 3131 1101 3172 se·

58 3212 83 3253 aa
94 3199 261 3277 pteutrione'
279 3194 398 3273 CXXV,
415 3197 537 3257 circuitu
552 3194 658 3256 DLXV
673 3197 762 3272 milia,
778 3195 863 3255 abest
878 3194 913 3255 ah
929 3195 1029 3256 Alrica
1047 3194 1101 3255 Ca·

92 3282 215 3343 ralitano
227 3282 426 3360 promunturio
441 3278 565 3341 ducenta
576 3280 663 3356 milia,
675 3298 692 3341 a
704 3279 830 3340 Gadibus
845 3279 1100 3357 quattuordeciens

93 3375 225 3429 centena.
243 3365 333 3426 hahet
348 3374 379 3425 et
393 3383 409 3425 a
421 3364 585 3426 Gorditano
603 3365 803 3443 promunturio
820 3361 889 3422 duas
902 3363 1011 3423 iusulas
1025 3383 1100 3444 quae

93 3459 234 3512 vocantur
248 3448 394 3526 Herculis,
411 3467 428 3510 a
443 3447 576 3510 Sulcensi
590 3447 719 3525 EnosIm,
734 3466 751 3508 a
766 3445 931 3509 Caralitano
951 3447 1101 3510 Ficariam.
