2400 3856
106 196 167 262 190
455 211 486 259 c.
504 211 601 261 rnrur
617 211 765 261 sneunor

103 366 148 426 his
169 366 203 426 ad
227 365 411 445 Trogodytas
433 364 546 427 hiberni
571 384 711 427 occasuus
735 366 822 447 plaga
844 366 954 428 dierum
970 366 1028 429 Vll
1047 371 1118 448 iter,

103 468 166 509 cnm
189 449 291 527 quibus
308 452 510 511 commercium
526 468 656 529 gemmae
678 458 786 511 tanturn
807 469 890 528 quam
912 452 1119 514 carbunculum

52 542 238 595 devocamus
263 553 301 594 ex
326 533 485 614 Aethiopia
509 537 652 595 invectae.
691 535 852 595 Intervenit
878 535 913 596 ad
940 535 1118 598 solitudines

35 680 39 687 ,
103 619 223 680 Africae
254 638 341 700 supra
365 621 505 693 minorem
523 619 629 696 Syrtim
652 619 744 680 dictas
770 637 857 680 versa
877 618 1040 698 Phazania,
1067 622 1118 682 ubi

102 712 219 782 gentem
243 703 467 783 Phazaniorum,
493 704 632 783 urbisque
654 702 762 776 Alelen
789 712 819 763 et
840 701 974 764 Cillibam
998 705 1148 784 subegi-a

101 806 180 865 mas,
195 791 264 849 item
282 787 438 867 deamnm
453 808 470 850 e
483 790 606 866 regione
620 787 768 848 Sabratae.
801 786 848 847 Ab
864 786 909 848 his
924 806 1007 849 mons
1020 788 1116 868 longo

103 874 197 952 spatio
216 875 245 933 iu
268 891 402 934 occasum
424 874 544 934 abortu
567 872 658 933 tendit
679 872 755 931 Ater
772 870 1013 949 uostris-dictus,
1035 891 1052 932 a
1068 891 1116 934 na·

51 963 85 1017 36
102 965 164 1017 tura
174 1000 184 1033 ,
199 957 300 1019 adusto
318 957 419 1019 similis
435 965 483 1017 aut
505 956 577 1016 solis
594 974 771 1035 repercussu
785 972 920 1016 accenso.
958 956 1033 1016 ultra
1049 975 1117 1017 eum

103 1041 240 1120 deserta,
256 1060 324 1102 mox
339 1040 469 1118 Thelgae
485 1041 621 1118 oppidum
633 1038 848 1116 Garamantum,
862 1041 989 1117 itemque
1004 1039 1115 1107 Debris

101 1125 203 1185 adfuso
221 1126 304 1185 fonte
326 1125 451 1184 amedio
472 1122 571 1183 dicad
588 1123 709 1184 mediam
731 1132 848 1184 noctem
872 1125 954 1202 aquis
970 1123 1113 1185 ferventi·
1128 1136 1154 1179 1⁰

101 1209 155 1268 bus
179 1208 359 1285 totidemque
375 1207 455 1268 horis
478 1208 514 1267 ad
534 1209 656 1268 medium
679 1207 754 1267 diem
777 1208 959 1285 rigentibus,
986 1206 1115 1269 clarissi-

100 1310 233 1370 mumque
256 1289 375 1352 Garama
399 1301 484 1371 eaput
507 1290 723 1369 Garamantum,
750 1294 844 1351 omnia
864 1293 950 1352 armis
974 1290 1114 1353 llomanis

102 1378 237 1455 superata
255 1385 284 1436 et
299 1395 315 1436 a
331 1375 471 1437 Cornelio
482 1375 575 1438 Balbo
591 1374 775 1455 triumphata,
787 1377 871 1436 unius
887 1378 1010 1436 omnium
1026 1395 1114 1436 curru

102 1469 225 1521 externo
251 1469 282 1521 et
303 1458 457 1533 Quiritium
481 1463 545 1521 iure
571 1460 690 1521 donato.
731 1461 839 1539 quippe
857 1457 985 1520 Gadibus
1009 1463 1113 1538 genito

100 1547 202 1606 civitas
223 1545 433 1607 Romanarum
454 1545 545 1606 Balbo
564 1546 673 1606 maiore
694 1551 798 1624 patruo
817 1543 883 1604 data
898 1552 953 1604 est.
995 1543 1034 1604 Et
1054 1545 1112 1606 hoc
1125 1558 1151 1600 u

99 1630 215 1706 mirum,
230 1649 316 1710 supra
337 1629 412 1690 dicta
428 1630 534 1709 oppida
549 1629 585 1691 ab
602 1647 640 1690 eo
655 1637 740 1707 capta
756 1636 891 1688 auctores
906 1636 1026 1689 uestros
1044 1647 1113 1708 pro·

101 1714 225 1792 didisse,
255 1716 349 1793 ipsum
371 1716 401 1774 in
421 1713 567 1793 triumpho
592 1722 710 1793 praeter
732 1710 887 1789 Cydamum
909 1720 939 1773 et
963 1713 1113 1783 Garamam

101 1799 223 1858 omnium
249 1799 367 1859 aliarum
392 1801 522 1877 gentium
553 1799 721 1877 urbiumque
749 1799 863 1857 nomina
896 1815 930 1857 ac
958 1798 1112 1859 simulacra

47 1890 82 1945 ar
99 1882 238 1955 duxisse,
260 1901 335 1961 quae
352 1884 416 1944 iere
433 1882 488 1944 hoc
503 1882 620 1943 ordine:
642 1881 799 1942 Tabudium
821 1882 976 1961 oppidum,
997 1880 1111 1943 Niteris

99 1968 196 2041 natio,
213 1966 312 2044 Miglis
331 1967 461 2027 Gemella
479 1967 630 2045 oppidum,
646 1965 786 2026 Bubeium
802 1965 945 2026 rational
962 1967 1110 2045 oppidum,
1122 1980 1147 2020 tt

98 2047 184 2126 Enipi
204 2052 299 2126 natio,
315 2050 437 2111 Thuben
453 2051 605 2128 oppidum,
619 2068 702 2109 mons
717 2052 833 2110 nomine
846 2047 951 2127 Niger,
964 2047 1110 2110 Nitibrum

98 2129 195 2209 Rapsa
212 2133 333 2211 oppida,
350 2133 474 2194 Viscera
489 2136 585 2211 natio,
601 2133 689 2193 Decri
708 2133 844 2212 oppidum
851 2133 989 2211 ,flumen
1003 2132 1111 2195 Natha-

99 2214 169 2292 bur,
195 2213 377 2295 Thapsagum
406 2216 712 2296 oppidum,«Tamiagi
740 2219 838 2295 natio,
863 2216 937 2277 Doin
961 2218 1110 2297 oppidum,

98 2296 178 2376 Pege
194 2301 348 2379 oppidum,
366 2300 472 2362 humen
487 2300 638 2379 Dasibari,
655 2319 723 2362 mox
743 2302 849 2381 oppida
871 2303 1006 2361 continua
1022 2301 1109 2364 Bara-

99 2401 178 2460 cum,
193 2383 318 2460 Buluba‚
335 2386 448 2463 Alasit,
471 2385 568 2463 Galia,
590 2385 686 2462 Balla,
708 2383 849 2464 Maxalla,
868 2384 1001 2462 Cizania,
1023 2404 1108 2446 mons
1120 2399 1147 2440 re

45 2476 80 2530 88
98 2464 166 2544 Gyri
183 2470 283 2548 inquo
299 2489 427 2549 gemmas
442 2472 522 2531 nasci
538 2471 638 2531 titulus
653 2471 824 2548 praecessit.
860 2468 907 2529 Ad
923 2467 1109 2530 Garamantas

96 2554 153 2611 iter
173 2554 381 2633 inexplicabile
402 2554 495 2616 adhuc
517 2555 571 2614 init
598 2554 759 2615 latronibus
784 2555 882 2631 gentis
911 2553 974 2612 eius
1000 2563 1110 2630 puteos

97 2636 162 2714 (qui
180 2645 245 2696 sunt
260 2657 318 2698 non
337 2639 395 2699 alte
411 2639 556 2714 fodiendi,
577 2639 601 2698 si
617 2638 750 2699 locorum
764 2638 867 2697 notitia
882 2636 972 2713 adsit)
989 2636 1108 2698 harenis

97 2719 306 2796 operientibus.
336 2740 475 2800 proxumo
497 2721 596 2800 bello,
611 2720 688 2798 quod
711 2739 773 2782 cum
792 2720 956 2782 Oeensibus
981 2739 1109 2799 gessere

96 2802 186 2862 initiis
212 2801 387 2883 Vespasiani
415 2806 620 2884 imperatoris,
653 2805 844 2884 conpendium
869 2806 935 2864 uiae
962 2805 1147 2883 quatridnim

95 2886 309 2966 deprehensum
325 2897 378 2950 est.
408 2888 465 2949 hoc
478 2889 537 2949 iter
553 2897 673 2950 vocatur
688 2890 810 2951 Praeter
824 2898 910 2967 caput
925 2889 996 2948 saxi.
1019 2887 1107 2950 Finis

96 2967 272 3047 Cyrenaicus
286 2970 490 3034 Catabathmus
504 2974 677 3053 appellatur,
691 2973 827 3054 oppidum
838 2980 869 3032 et
882 2971 969 3032 vallis
981 2981 1108 3051 repente

94 3064 236 3118 convexa.
265 3056 300 3117 ad
318 3076 383 3119 eum
397 3059 548 3120 terminum
564 3056 724 3136 Cyrenaica
740 3057 849 3132 Africa,
864 3074 881 3116 a
896 3055 976 3130 Syrti
991 3057 1109 3133 minore

92 3142 127 3208 ῖ,
143 3139 236 3200 LXM
255 3158 389 3220 passuum
404 3144 433 3203 iu
455 3144 665 3222 longitudinem
680 3150 779 3222 patet,
804 3141 833 3200 in
849 3139 1028 3200 latitudinem
1049 3158 1108 3218 qua

93 3227 239 3302 cognitum
257 3235 303 3286 est
316 3224 457 3288 DCCCX.
1116 3238 1145 3281 ⁸⁶

42 3316 76 3371 89
157 3306 186 3370 6.
210 3305 272 3388 (6.)
301 3308 381 3382 Quae
403 3313 534 3390 sequitur
556 3312 641 3389 regio
662 3308 803 3371 Mareotis
824 3307 915 3384 Libya
937 3306 1105 3386 appellatur

92 3392 231 3471 Aegypto
260 3396 446 3456 contermina.
491 3402 593 3456 tenent
624 3393 829 3470 Marmaridae,
860 3391 1103 3469 Adyrmachidae,

92 3475 160 3537 dein
170 3475 333 3540 Mareotae.
354 3496 487 3540 mensura
505 3497 521 3539 a
539 3474 725 3539 Catabathmo
738 3476 939 3538 Paraetonium
952 3472 1104 3537 uxxxvt
