2400 3856
139 138 159 199 6
493 149 523 197 c.
547 149 643 197 autur
663 148 812 196 sncuxnr

105 306 199 367 l⁰Vos
223 306 338 384 quidem
356 321 465 380 omnes,
492 316 603 383 patrem
632 313 662 365 te
687 306 880 384 fratremque,
906 305 1028 364 diximus
1046 323 1140 384 opere

138 392 225 463 iusto,
242 399 403 466 temporum
418 398 581 449 nostrorum
596 390 744 451 historiam
760 391 819 448 orsi
832 406 848 448 a
859 389 915 447 line
928 388 1023 448 Aufidi
1044 389 1139 449 Bassi.

136 474 189 536 ubi
211 474 247 531 sit
263 491 297 532 ea
313 470 459 552 quaeres?
475 475 532 533 iam
548 475 659 552 pridem
675 484 794 552 peracta
810 475 947 548 sancitur,
965 481 995 531 et
1010 472 1141 552 alioquin

139 565 273 617 statutum
289 566 352 615 erat
366 557 468 617 heredi
482 558 629 632 mandare,
646 578 682 617 ne
699 558 767 636 quid
785 556 931 616 ambitioni
947 555 1065 617 dedisse
1081 558 1141 617 vita

139 642 324 701 iudicaretur.
352 641 476 719 proinde
493 642 701 720 occupantibus
719 641 815 700 locum
830 640 928 716 faveo,
948 656 1006 717 ego
1021 657 1095 699 vero
1112 647 1162 700 ets

139 726 267 804 posteris
290 741 364 803 quos
382 727 444 783 scio
462 726 613 784 nobiscum
634 725 836 784 decertaturos
854 726 928 786 sicut
944 724 1000 801 ipsi
1016 724 1141 784 fecimus

97 811 203 869 alcum
229 808 384 885 prioribus.
419 808 626 885 Argumentum
653 808 735 867 huius
762 808 903 869 stomachi
931 806 989 867 mei
1015 806 1140 866 habebis

140 892 218 972 quod
245 893 271 949 in
293 892 337 951 his
359 891 550 952 voluminibus
574 899 722 951 anctorum
747 893 861 951 nomina
883 892 1045 970 praetexui.
1096 897 1141 950 est

141 978 216 1036 enim
231 974 396 1050 benignum,
417 984 446 1034 nt
462 975 599 1054 arbitror,
618 985 647 1034 et
662 975 778 1054 plenum
794 976 912 1052 ingenui
925 975 1043 1053 pudoris
1054 973 1140 1033 fateri

139 1079 194 1138 per
211 1075 285 1136 quos
301 1057 481 1135 profeceris,
499 1076 557 1118 non
571 1069 601 1119 ut
616 1059 750 1138 plerique
766 1078 804 1119 ex
819 1061 853 1118 iis
870 1075 943 1138 quos
960 1059 1040 1134 attigi
1058 1057 1174 1116 fece-1⁰

97 1148 132 1199 22
140 1150 213 1202 runt.
247 1141 326 1199 Scito
350 1143 423 1199 enim
441 1142 640 1202 conferentem
658 1153 794 1203 auctores
809 1161 855 1203 me
874 1142 1106 1220 deprehendisse
1124 1158 1142 1201 a

140 1224 319 1285 iuratissimis
335 1233 365 1283 et
380 1228 522 1303 proximis
544 1235 663 1286 veteres
678 1229 884 1303 transscriptos
901 1225 937 1286 ad
951 1224 1073 1285 verbum
1089 1242 1141 1282 ne·

141 1326 197 1387 que
214 1309 393 1384 nominatos,
409 1326 467 1369 non
481 1309 532 1370 illa
546 1310 714 1387 Vergiliana
729 1313 846 1386 virtute,
864 1318 894 1369 ut
911 1317 1067 1384 certarent,
1083 1325 1142 1366 non

143 1390 275 1453 'lulliana
298 1389 499 1467 simplicitate,
529 1395 577 1468 qui
600 1393 636 1452 dc
658 1411 691 1453 re
716 1394 833 1471 publica
856 1393 984 1453 Platonis
1000 1402 1033 1451 se
1050 1392 1139 1451 comi-

140 1484 199 1534 tem
216 1474 385 1552 profitetur,
409 1478 438 1535 in
460 1477 659 1536 consolatione
678 1477 755 1536 filiae
774 1475 1010 1551 crantorem,
1035 1476 1174 1554 inquit,1⁵

141 1576 296 1636 sequor,
321 1561 389 1618 item
411 1560 577 1621 Panaetium
598 1561 634 1620 de
658 1560 779 1635 officiis,
809 1579 883 1638 quae
905 1560 1050 1619 volumina
1078 1559 1139 1617 edi·

98 1643 261 1715 23scenda,
278 1660 335 1700 nou
350 1644 436 1702 modo
449 1645 477 1702 in
487 1643 617 1704 manibus
631 1645 736 1703 cotidie
749 1642 883 1704 habenda
895 1644 980 1702 nosti.
1013 1641 1140 1702 Obnoxii

140 1725 275 1804 profecto
302 1727 385 1785 animi
412 1736 441 1786 et
467 1728 591 1788 infelicis
618 1729 714 1805 ingeni
739 1736 783 1788 est
807 1727 986 1804 deprehendi
1010 1728 1039 1784 in
1061 1726 1140 1786 furto

140 1810 227 1868 malle
249 1827 333 1888 quam
356 1820 480 1870 mutuum
501 1812 642 1886 reddere,
666 1831 729 1871 cum
752 1814 925 1911 praesertim
947 1827 1012 1870 sors
1034 1809 1083 1869 fiat
1101 1827 1140 1868 ex

98 1897 236 1952 hlnsura.
270 1893 467 1971 inscriptionis
490 1896 565 1973 apud
584 1856 713 1955 Grdecos
734 1898 805 1954 mira
822 1896 956 1954 felicitas
955 1892 1105 1992 κηρίον
1097 1911 1138 1952 m·
1127 1903 1174 1945 -20

142 1978 307 2053 scripsere,
330 1979 407 2055 quod
429 1979 567 2038 volebant
579 1977 714 2056 mtellegr
730 1978 838 2054 favom,
860 1978 908 2038 alii
932 1972 1017 2057 κέρας
1032 1967 1139 2053 ’lipol-

142 2059 242 2134 θείας,
254 2061 345 2156 'quod
368 2063 472 2137 copiae
491 2078 597 2136 cornu,
620 2070 650 2121 ut
671 2061 720 2120 vel
743 2061 826 2121 lactis
844 2061 999 2159 gallinacei
1016 2077 1138 2158 sperare

142 2142 239 2220 possis
252 2143 279 2199 in
291 2143 434 2201 volumine
446 2144 587 2218 haustum,
604 2137 699 2220 laced,
716 2149 849 2221 Μοῦσαι,
866 2133 1060 2219 πανὸἑιιται,’
1048 2164 1139 2221 cypet-

142 2225 231 2304 piritu,
247 2218 403 2302 talparum
380 2226 477 2303 πίναξ,
496 2228 625 2306 spadica,
643 2229 846 2327 inscriptiopes
862 2238 983 2308 propter
1001 2244 1073 2305 quas
1088 2243 1138 2285 ra·

16 2358 97 2377 ..,„....
142 2308 295 2371 dimonium
310 2309 407 2369 deseri
423 2313 524 2389 possit.
547 2320 576 2370 at
591 2330 654 2371 cnm
670 2313 832 2388 intraueris,
850 2313 878 2373 di
893 2313 1037 2390 deaeque,
1054 2312 1174 2387 quam²⁵

141 2393 247 2451 nihil
239 2411 268 2451 m
291 2393 385 2453 medio
409 2395 555 2454 invenies!
586 2394 685 2455 Nostri
706 2398 891 2473 grossiores,
921 2395 1140 2473 Antiquitatum,

142 2474 349 2553 Exemplorum
381 2478 550 2558 Antiumque
585 2480 769 2555 facetissimi,
800 2478 1041 2539 lucubrationem
1070 2485 1140 2554 puto

144 2562 210 2638 quia
222 2560 379 2620 Vivaculus
398 2573 504 2623 enatet
519 2564 687 2623 vocabatur.
711 2564 798 2641 paulo
815 2565 905 2622 minus
921 2562 1030 2622 adserit
1044 2560 1139 2619 Varro

101 2639 171 2702 2ὗίιι
187 2645 280 2701 satiris
297 2646 356 2701 suis
377 2642 531 2704 sesculixe
552 2654 582 2704 et
602 2646 783 2707 Plextabula.
813 2647 900 2725 Apud
913 2646 1043 2705 Graecos
1054 2643 1141 2704 desut

143 2727 245 2799 nugari
265 2725 411 2785 Diodorus
451 2738 480 2786 et
502 2727 696 2806 βιβλιοθήκης
715 2730 862 2789 historiam
886 2748 966 2789 suam
981 2727 1138 2806 inscripsit
1149 2740 1174 2782 ao

143 2809 240 2885 Apion
258 2809 373 2885 quidem
388 2813 588 2885 grammaticus
605 2813 667 2888 (hic
684 2831 768 2891 quem
784 2813 916 2873 'liberius
935 2811 1046 2872 Gaesar
1062 2829 1139 2885 cyrn-

144 2892 240 2951 balum
255 2893 349 2951 mundi
363 2893 499 2968 vocabat,
519 2913 582 2954 cum
597 2899 734 2973 propriae
751 2897 844 2957 famae
862 2907 1026 2975 tympanum
1043 2897 1139 2973 potius

143 2976 236 3035 videri
252 2977 369 3055 posset)
386 2978 588 3038 inmortalitate
610 2980 710 3039 donari
732 2999 748 3040 a
763 2998 796 3041 se
812 2983 930 3059 scripsit
946 2981 981 3039 ad
998 2995 1073 3057 quos
1088 2977 1139 3038 ali·

101 3066 200 3138 aliqua
217 3060 410 3137 componebat,
442 3062 489 3120 tte
513 3079 570 3121 non
585 3066 712 3141 paenitet
729 3065 835 3124 rrtrllum
853 3066 1033 3124 festiviorem
1050 3078 1139 3121 exco-

145 3145 253 3218 gitasse
270 3145 390 3204 titulum.
425 3155 454 3205 et
468 3164 504 3204 ne
521 3147 549 3205 in
563 3157 653 3208 totum
667 3149 768 3208 videar
786 3148 915 3209 Graecos
931 3146 1083 3221 insectari,
1103 3152 1173 3204 exta

144 3228 201 3287 illis
218 3245 287 3287 mox
308 3229 394 3288 velim
416 3229 546 3305 intellegi
572 3233 708 3308 pingendi
726 3232 910 3311 fingendique
930 3229 1139 3304 conditoribus,

146 3328 219 3388 quos
242 3313 270 3369 in
291 3311 399 3372 libellis
420 3313 464 3373 his
486 3313 616 3374 invenies
638 3316 770 3375 absoluta
792 3334 884 3394 opera
909 3325 938 3374 et
958 3315 1007 3373 illa
1024 3329 1140 3392 quoque

146 3410 221 3472 quae
242 3398 371 3458 mirando
391 3417 448 3458 non
470 3401 604 3480 satiamur
624 3400 761 3479 pendenti
783 3401 865 3461 titulo
886 3398 1089 3477 inscripsisse,
1111 3403 1142 3456 ut
