2400 3856
180 174 594 243 NAT.HIST.11.'108-—109.
613 182 786 264 (rra-113.)
810 197 861 246 111.
879 191 901 244 1.
919 182 1023 264 (1-2.)
1071 177 1131 243 123

123 349 223 424 sisque
240 348 335 409 dilatis
353 351 383 408 in
400 367 466 409 suas
482 357 600 427 partes,
619 369 694 411 nunc
715 352 790 410 enim
812 369 908 412 sermo
930 351 966 412 de
987 359 1050 411 toto
1073 357 1130 409 est.

123 449 213 509 quare
236 433 278 492 sic
301 435 392 511 accipi
408 432 497 493 velim
518 441 549 493 ut
570 435 595 494 si
618 433 703 494 vidua
721 435 794 494 lama
812 452 863 495 sua
883 437 1016 512 nomina,
1035 433 1131 512 qualia

122 516 207 575 luere
224 517 383 594 primordio
410 524 478 576 ante
497 515 570 576 ullas
590 532 640 574 res
662 525 780 595 gestas,
798 527 1016 597 nuncupentur,
1041 527 1072 578 et
1092 519 1130 578 sit

123 599 262 676 quaedam
282 602 312 660 in
333 601 378 660 his
399 599 614 684 nomenclatura
636 601 767 678 quidem,
790 602 842 663 sed
858 602 953 662 mundi
975 620 1129 680 rerumque

100 692 251 745 craturae.
298 683 453 745 Terrarum
469 684 550 744 orbis
565 685 718 744 universus
735 686 763 743 in
785 693 846 746 tres
868 684 1004 745 dividitur
1018 690 1158 762 partes,³

122 765 270 845 Europam
286 767 385 828 Asiam
400 767 537 828 Africam.
570 769 655 845 origo
672 768 708 827 ab
727 785 834 828 occasu
849 769 921 829 solis
941 777 970 829 et
991 766 1130 828 Gaditano

122 853 220 928 freto,
242 868 297 930 qua
316 854 482 930 inrumpens
506 869 632 912 oceanus
648 851 810 911 Atlanticus
831 853 861 911 in
881 853 970 912 maria
990 852 1131 911 interiora

123 934 300 997 diffunditur.
344 935 411 995 hinc
428 938 545 995 intranti
562 935 684 996 dextera
700 935 800 995 Africa
818 944 881 1010 est,
903 935 987 996 laeva
1004 933 1131 1013 Europa,

122 1019 199 1078 inter
220 1018 372 1080 basileia.
415 1021 528 1081 termini
545 1038 643 1079 amnes
659 1018 763 1080 Tanais
784 1028 815 1079 et
833 1017 929 1080 Nilus.
962 1016 1133 1089 Quindecim

88 1101 151 1169 10lll
165 1121 245 1181 pass,
263 1105 293 1164 in
308 1103 518 1182 longitudinem
541 1122 612 1182 quas
636 1104 760 1164 diximus
777 1105 877 1164 fauces
899 1104 1001 1163 oceani
1018 1109 1131 1180 patent,

122 1190 248 1266 quinque
264 1186 294 1248 Μ
309 1189 338 1248 ἰη
352 1188 547 1265 latitudinem,
573 1206 589 1246 a
605 1189 671 1249 vico
691 1187 824 1248 llellaria
837 1186 993 1265 Hispaniae
1013 1185 1048 1246 ad
1062 1202 1131 1264 pro·

121 1273 293 1331 munturium
315 1272 433 1332 Africae
454 1271 575 1349 Album,
607 1280 728 1332 auctore
750 1272 892 1332 Turranio
915 1270 1030 1331 Gracile
1051 1271 1131 1329 iuxta

122 1357 235 1431 genito.
273 1354 306 1414 Τ.
323 1354 421 1414 Livius
439 1373 472 1415 ac
487 1354 589 1434 Nepos
608 1352 762 1416 Cornelius
778 1355 937 1416 latitudinis
954 1354 1160 1415 tradideruntd

122 1440 214 1496 minus
232 1437 286 1498 Vll
301 1437 330 1497 lli
346 1456 437 1517 pass,
453 1439 501 1498 ubi
516 1456 590 1498 vero
606 1438 769 1517 plurimum,
785 1436 861 1499 Xlll.
879 1446 935 1498 tam
949 1437 1063 1499 modico
1077 1454 1130 1497 ore

88 1547 114 1588 15
123 1532 178 1581 tam
196 1525 326 1582 inmensa
345 1539 502 1599 aequorum
518 1525 638 1583 vastitas
653 1523 795 1600 panditur.
840 1541 896 1583 nec
910 1521 1053 1602 prolunda
1068 1520 1131 1581 alti-

122 1606 191 1666 tudo
208 1607 373 1667 miraculum
388 1607 501 1685 minuit,
514 1607 686 1685 frequentes
702 1609 811 1686 qnippe
826 1609 942 1667 taeniae
955 1604 1131 1666 candicantis

122 1690 187 1750 vadi
205 1693 317 1751 carinas
334 1692 479 1751 territant.
505 1690 608 1769 quade
624 1708 710 1750 causa
726 1691 813 1751 limen
829 1692 936 1752 interni
952 1691 1039 1750 maris
1051 1687 1131 1747 multi

123 1793 186 1833 eum
207 1774 302 1834 locum
324 1774 522 1852 appellavere.
567 1776 707 1851 proximis
728 1784 824 1836 autem
838 1775 970 1835 lancibus
985 1775 1131 1851 utrimque

122 1859 241 1935 inpositi
265 1866 379 1918 montes
401 1866 542 1918 coercent
563 1858 705 1936 claustra,
722 1858 818 1935 Abpla
836 1859 972 1936 Africae,
994 1857 1132 1934 Europae

87 1967 113 2007 20
124 1939 231 2018 Calpe,
255 1941 385 2002 laborum
401 1940 536 2002 Herculis
552 1950 666 2018 metae,
684 1960 768 2019 quam
785 1943 823 2002 ob
839 1961 952 2003 causam
976 1941 1131 2018 indigenae

122 2025 268 2085 columnas
288 2028 351 2086 eius
367 2025 414 2087 dei
427 2034 542 2103 vocant,
557 2025 736 2104 creduntque
751 2027 903 2105 perfossas
917 2025 1035 2087 exclusa
1047 2033 1133 2086 antea

121 2108 273 2170 admisisse
288 2111 376 2170 maria
393 2119 422 2169 et
438 2129 534 2171 rerum
550 2118 670 2170 naturae
685 2118 813 2170 mutasse
828 2111 941 2172 faciem.

185 2193 342 2273 (Secti.)
368 2193 493 2254 Primum
515 2213 589 2272 ergo
612 2194 648 2254 de
664 2193 784 2273 Europa
805 2194 907 2255 altrice
928 2195 1051 2256 victoris
1073 2200 1160 2254 om-ts

122 2279 198 2337 nium
215 2281 345 2358 gentium
361 2278 462 2356 populi
486 2278 635 2357 longeque
653 2287 795 2338 terrarum
817 2277 1027 2357 pulcherrima,
1047 2294 1131 2355 qnam

87 2388 113 2428 25
123 2361 256 2438 plerique
268 2363 373 2421 merito
389 2380 448 2421 non
463 2363 576 2421 tertiam
589 2364 755 2440 portionem
770 2362 872 2422 fecere
888 2378 989 2422 verum
1000 2378 1132 2438 acquam,

123 2449 151 2504 in
168 2445 237 2504 duas
254 2453 353 2522 partes
375 2445 411 2504 ab
426 2462 508 2504 amne
525 2444 613 2504 Tanai
636 2446 671 2505 ad
687 2444 856 2505 Gaditanum
871 2446 976 2506 fretum
994 2446 1132 2504 universo

123 2529 196 2588 orbe
221 2528 324 2588 diviso.
371 2545 497 2588 oceanus
520 2545 536 2586 a
562 2546 620 2605 qno
644 2528 817 2589 dictumest
838 2530 934 2608 spatio
957 2528 1135 2588 Atlanticum

121 2630 201 2672 mare
217 2611 370 2673 infundens
388 2620 418 2672 et
433 2610 516 2672 avido
535 2620 632 2673 meatu
650 2620 744 2673 terras
761 2630 950 2691 quaecunque
967 2612 1134 2672 venientem

123 2715 271 2775 expavere
298 2696 471 2774 demergens
497 2698 674 2757 resistentes
703 2714 820 2775 quoque
852 2695 986 2758 llexuoso
1014 2695 1133 2756 litorum

87 2782 259 2851 mamlractu
282 2781 397 2858 lambit,
425 2779 571 2859 Europam
600 2780 649 2841 vel
675 2781 798 2841 maxime
825 2779 995 2842 recessibus
1018 2779 1133 2839 crebris

122 2884 277 2942 excavans,
293 2865 346 2925 sed
363 2867 391 2925 in
408 2872 543 2943 quattuor
559 2865 735 2944 praecipuos
752 2866 867 2942 einans,
885 2881 1007 2943 quorum
1024 2863 1132 2941 primus

121 2968 137 3007 a
155 2947 244 3027 Calpe
259 2949 417 3028 Hispaniae
432 2949 540 3008 extimo
554 2950 600 3024 (ut
612 2947 718 3009 dictum
730 2951 792 3028 est)
804 2957 904 3010 monte
915 2946 1038 3016 Locros,
1050 2944 1155 3006 Brut-r

123 3033 191 3090 tium
209 3050 301 3110 usque
318 3032 562 3111 promunturium,
578 3032 711 3093 inmenso
727 3034 835 3094 ambitu
850 3031 985 3092 flectitur.

186 3112 246 3194 (2.)
269 3114 301 3174 ln
323 3134 359 3175 eo
382 3117 473 3194 prima
489 3113 626 3194 Hispania
643 3125 785 3177 terrarum
807 3125 871 3192 est,
892 3115 1017 3176 ulterior
1034 3113 1162 3192 appel-b

88 3201 178 3260 aelata
195 3200 296 3259 eadem
314 3198 443 3274 Baetica,
459 3216 559 3259 moxa
576 3199 633 3261 line
648 3198 813 3278 lllurgitano
831 3196 955 3259 citerior
971 3199 1132 3276 eademque

122 3283 350 3343 Tarraconensis
369 3282 404 3342 ad
422 3282 566 3360 Pyrenaei
581 3285 656 3361 iuga.
687 3282 820 3344 Ulterior
836 3284 865 3342 in
882 3283 952 3343 duas
969 3300 1022 3361 per
1038 3281 1132 3358 longi·

120 3368 248 3428 tudinem
258 3367 426 3446 provincias
438 3367 586 3447 dividitur,
599 3367 741 3446 siquidem
754 3367 892 3428 Baeticae
906 3366 1000 3427 latere
1015 3374 1133 3444 septen·

120 3449 236 3512 trionali
253 3451 455 3532 praetenditur
469 3450 617 3514 Lusitania
632 3469 715 3513 amne
731 3450 796 3513 Ana
811 3450 949 3514 discreta.
987 3459 1069 3512 ortus
1084 3447 1133 3509 hic
1172 3501 1175 3507 Δ
