2400 3856
125 168 189 234 210
472 181 503 230 o.
525 182 623 229 curru
645 180 793 230 sucorum

126 357 143 398 a
158 338 265 414 Sigeo,
283 345 313 397 et
327 337 392 416 ipso
410 338 536 397 statione
549 334 652 396 classis
669 354 748 396 suae.
779 334 871 413 Supra
884 335 1011 396 Aeolida
1027 346 1058 397 et
1077 355 1144 417 par·

127 430 184 482 tem
206 421 327 481 Troadis
350 422 379 480 in
404 420 619 481 mediterraneo
641 426 688 479 est
710 437 784 497 quae
807 428 926 480 vocatur
949 418 1143 498 Teuthrania,

127 524 210 583 quarn
231 503 305 579 Mysi
324 505 479 583 antiquitus
504 512 636 564 tenuere.
677 501 717 561 ibi
742 499 845 562 Caicus
860 504 950 563 amnis
969 503 1025 562 ianr
1047 503 1143 565 dictus

84 591 230 649 moritur.
260 607 334 666 gens
353 584 445 666 ampla
462 605 516 665 per
530 607 580 664 se,
602 588 689 646 etiam
704 603 767 646 cnm
788 593 879 644 totum
896 584 988 661 Mysia
1010 589 1142 666 appella·

75 681 125 735 126
138 682 227 733 retur.
258 672 291 733 ln
309 690 344 733 ea
359 672 495 748 Pioniae,
514 671 649 747 Andera,
669 669 767 747 ldale,
788 668 953 746 Stabulum,
978 667 1169 748 Conisium,s

127 756 239 833 Teium,
254 755 353 834 Balce,
370 755 467 833 Tiare,
483 754 672 831 Teuthranie,
690 752 826 830 Sarnaca,
838 752 1003 830 Haliserne,
1019 753 1142 832 Lycide,

125 841 327 918 Parthenium,
364 837 504 917 Cambre,
535 837 703 917 Oxyopum,
744 836 934 915 Lygdamum,
967 837 1141 916 Apollonia,

83 931 86 935 '
126 924 275 1004 longeque
293 925 483 985 clarissimum
501 921 592 982 Asiae
609 922 795 998 Pergamum,
816 921 893 999 quod
914 924 1071 983 intermeat
1090 923 1142 983 Se·

126 1007 219 1086 linus,
246 1009 380 1087 praefluit
404 1006 504 1067 Cetius
523 1006 660 1084 profusus
681 1004 806 1066 Pindaso
822 1014 931 1066 monte.
967 1006 1053 1066 abest
1074 1005 1142 1067 haut

82 1108 116 1146 12¹
126 1093 230 1172 procul
251 1092 357 1169 Elaea,
378 1109 461 1170 quam
486 1092 516 1149 in
536 1088 624 1149 litore
645 1089 777 1149 diximus.
815 1089 995 1166 Pergamena
1017 1099 1141 1150 vocatur
1153 1111 1175 1152 a

127 1178 191 1237 eius
217 1183 344 1235 tractuus
380 1174 550 1234 iurisdictio.
594 1172 629 1233 ad
660 1190 723 1234 eam
753 1175 929 1234 conveniunt
957 1172 1140 1250 Thyatireni,

126 1256 275 1336 Mossyni,
299 1257 480 1335 Mygdones,
499 1257 670 1336 Bregmeni,
694 1256 938 1333 Hierocometae,
964 1256 1140 1338 Perpereni,

43 1368 46 1373 ·
128 1341 261 1420 Tiareni,
277 1341 556 1421 Hierolophienses,
578 1340 847 1424 hermocapelitae,
864 1340 1053 1420 Attalenses,
1069 1343 1141 1404 Pan·

75 1430 124 1482 127
140 1436 278 1503 teenses,
304 1424 563 1505 Apollonidienses
590 1425 723 1505 aliaeque
750 1425 909 1486 inhonorae
933 1425 1082 1491 civitates.
1114 1426 1141 1485 A

126 1511 263 1572 Rhoeteo
276 1511 448 1571 Dardanium
463 1510 598 1589 oppidum
610 1528 729 1589 parvum
743 1510 827 1571 abest
842 1509 934 1570 stadia
949 1507 1039 1569 LXX.
1071 1511 1140 1571 inde
1153 1529 1175 1571 ra

125 1594 224 1656 XVlll
246 1594 276 1655 M
298 1596 523 1675 promunturium
545 1594 691 1672 Trapeza,
720 1594 794 1654 unde
815 1594 934 1672 primum
956 1594 1085 1654 concitat
1107 1613 1141 1655 se

125 1679 346 1758 Hellespontus.
379 1678 426 1739 Ex
441 1679 513 1738 Asia
528 1679 678 1739 interiisse
699 1686 805 1755 gentes
824 1677 909 1737 tradit
923 1675 1141 1739 Eratosthenes

127 1763 327 1841 Solymorum,
342 1762 499 1840 Lelegum,
513 1761 691 1840 Bebrycum,
710 1760 945 1838 Colyeantiorum
953 1804 964 1838 ,
980 1759 1139 1840 Tripsedo-

126 1866 198 1924 rum.
233 1846 363 1908 Isidorus
380 1846 527 1906 Arieneos
546 1855 577 1907 et
593 1845 768 1924 Capreatas,
794 1846 843 1905 ubi
864 1846 902 1904 sit
918 1842 1051 1922 Apamea
1071 1864 1140 1907 eon·

126 1930 184 1990 dita
200 1950 216 1991 a
232 1931 359 1992 Seleuco
375 1949 459 2008 rege,
476 1932 552 1991 inter
568 1927 710 2008 Ciliciam,
722 1928 944 2009 Cappadociam,
957 1926 1139 2007 Cataoniam,
1150 1949 1173 1989 ao

126 2015 293 2075 Armeniam
309 2025 338 2075 et
354 2015 488 2095 quoniam
508 2014 705 2074 ferocissimas
727 2022 833 2092 gentes
853 2013 1030 2090 domuisset,
1055 2015 1139 2075 initio

125 2096 262 2158 Dameam
278 2108 415 2159 vocatam.

75 2184 125 2236 128
197 2179 247 2242 31.
265 2179 346 2260 (34.)
369 2181 529 2242 insularum
549 2189 616 2242 ante
639 2181 738 2242 Asiam
756 2183 848 2261 prima
872 2190 918 2242 est
934 2183 962 2240 in
985 2179 1138 2244 Canobico

127 2265 204 2325 ostio
219 2264 295 2344 Nili,
311 2283 327 2325 a
343 2262 463 2325 Canobo
478 2264 605 2326 Menelai
622 2265 838 2343 gubernatore,
865 2275 897 2325 ut
911 2266 1023 2342 ierunt,
1051 2267 1137 2329 dieta.

125 2349 217 2410 altera
231 2351 327 2409 iuncta
346 2358 435 2428 ponte
452 2349 666 2426 Alexandriae,
688 2351 804 2411 colonia
820 2348 953 2411 Caesaris
972 2349 1136 2429 dictatoris,
1148 2367 1172 2410 at

125 2433 251 2511 Pharos,
276 2434 417 2513 quondam
435 2433 492 2494 diei
509 2435 694 2511 navigatione
710 2434 818 2494 distans
834 2435 870 2494 ab
886 2434 1045 2512 Aegypto,
1063 2454 1138 2496 nunc

125 2535 142 2578 e
166 2520 237 2577 turri
262 2519 409 2578 nocturnis
431 2518 547 2595 ignibus
574 2536 688 2579 cursum
715 2519 828 2578 narium
853 2536 969 2596 regens.
1012 2537 1137 2598 namque

123 2602 274 2662 iallacibus
296 2602 376 2661 vadis
391 2601 568 2662 Alexandria
589 2603 680 2661 tribus
703 2603 818 2662 omnino
833 2602 926 2662 aditur
946 2601 1039 2662 alveis
1054 2606 1137 2680 mari,

124 2686 269 2761 Stegano,
286 2685 424 2762 Posideo,
441 2685 546 2747 Tauro.
577 2687 607 2745 in
622 2684 782 2747 Phoenicio
800 2686 905 2747 deinde
920 2687 991 2746 mari
1008 2696 1056 2747 est
1068 2696 1137 2748 ante

123 2767 215 2846 Iopen
233 2768 335 2845 Paria,
356 2777 417 2828 tota
436 2770 588 2848 oppidum,
613 2771 643 2829 in
660 2788 715 2848 qua
731 2770 874 2831 obiectam
892 2769 997 2830 beluae
1018 2769 1135 2831 Andro·
1147 2788 1170 2828 ao

72 2863 111 2900 tt
122 2852 232 2911 medam
247 2853 344 2911 ierunt
353 2895 363 2929 ,
384 2860 415 2912 et
429 2854 485 2912 iarn
501 2853 575 2913 dicta
590 2853 719 2932 Arados,
741 2855 818 2915 inter
833 2873 916 2934 quarn
932 2863 963 2914 et
983 2857 1137 2916 eontinen-

123 2944 182 2995 tem
198 2934 220 2994 h
236 2936 332 2997 cubita
348 2936 407 2996 alto
426 2939 513 3013 mari,
533 2947 565 2997 ut
580 2947 680 2999 auctor
696 2948 742 2999 est
756 2938 920 3015 Mucianus,
944 2957 961 2998 e
975 2938 1060 2998 ionte
1076 2938 1136 3001 dul·

122 3021 164 3079 cis
181 3038 254 3097 aqua
270 3021 340 3080 tubo
356 3022 445 3081 coriis
462 3021 540 3082 iacto
555 3041 648 3102 usque
664 3040 680 3083 a
694 3024 768 3083 rado
788 3022 918 3083 trahitur.

70 3113 121 3166 129
195 3102 278 3184 (35.)
293 3104 489 3185 Pamphylium
504 3125 583 3167 mare
599 3107 746 3184 ignobiles
758 3106 867 3166 insulas
884 3105 982 3183 habet,
1000 3103 1135 3168 Cilicium

122 3207 160 3248 ex
174 3188 200 3247 V
213 3191 344 3250 maximis
357 3189 482 3269 Cyprum
493 3190 528 3250 ad
544 3199 638 3250 ortum
650 3208 840 3268 occasumque
854 3188 973 3251 Ciliciae
985 3208 1019 3249 ac
1030 3190 1169 3267 Syriaeue

122 3272 278 3351 obiectam,
288 3274 429 3351 quondam
440 3273 524 3334 Vllll
532 3291 689 3351 regnorum
699 3275 806 3336 sedem.
828 3275 910 3335 huius
924 3275 1075 3335 circuitum
1087 3275 1134 3334 Ti-

121 3355 1135 3436 mosthenesCCCCXXVllMDpass.prodidit,lsidorusCCCLXXV

120 3436 159 3498 M.
191 3439 399 3518 longitudinem
416 3444 493 3503 inter
510 3442 565 3502 duo
579 3444 792 3522 promunturia,
810 3441 907 3504 Clidas
922 3451 952 3503 et
963 3442 1135 3522 Acamanta,
