2400 3856
333 180 412 227 nav.
437 180 528 226 nrsu.
552 180 588 225 11.
611 173 730 226 ov-oo.
751 166 891 245 (ts—51.)
1061 164 1102 229 93

154 329 205 396 48.
219 331 302 413 (49.)
316 333 443 392 Nuncde
457 335 618 411 repentinis
631 333 755 409 flatibus,
768 337 816 412 qui
829 334 982 395 exhalante
994 344 1084 410 terra,
1094 342 1140 392 131

93 426 124 477 ut
139 418 245 477 dictum
260 426 322 494 est,
340 417 453 492 coorti,
475 434 633 494 rursusque
649 416 756 477 deiecti
772 420 887 478 interim
908 419 1033 479 obducta
1052 437 1142 478 num

93 501 172 561 bium
190 509 274 576 cute,
302 499 494 559 multiformes
533 502 671 559 existunt.
709 503 775 578 vagi
797 504 905 580 quippe
927 511 957 563 et
980 511 1101 562 ruentes

94 587 267 644 torrentium
283 583 387 662 modo,
407 592 437 642 ut
456 583 560 661 aliquis
577 583 695 660 placere
713 585 908 662 ostendimus,
929 588 1055 645 tonitrua
1071 594 1143 647 clm

67 667 208 745 sl'olgura
223 669 319 728 edunt.
340 669 450 726 maiore
467 685 540 727 vero
556 667 636 726 inlati
652 667 783 745 pondere
798 669 985 746 incursuque,
1001 670 1025 726 si
1042 669 1100 729 late

94 754 201 812 siccam
227 770 334 830 rupere
360 751 482 826 nubem,
508 751 668 828 procellam
695 754 816 828 gignunt
841 769 915 829 quae
939 751 1102 812 vocatura

94 835 215 896 Graecis
234 834 403 913 ecnephias.
436 836 480 894 sin
496 853 567 894 vero
586 835 730 913 depresso
752 836 815 895 sinu
831 837 937 894 arctius
954 836 1043 893 rotati
1060 836 1100 895 ef·

92 919 262 996 fregerunt,
285 920 348 978 sine
364 919 450 995 igne,
473 918 529 978 boc
545 927 590 977 est
606 921 669 978 sine
685 918 820 994 fulmIne,
837 921 977 978 verticem
992 919 1100 978 faciunt

94 1004 142 1079 qui
159 1002 269 1079 typhon
292 1011 432 1078 vocatur,
454 1002 546 1062 idest
564 1003 693 1062 vibratus
711 1003 878 1081 ecnephias.
912 1002 1016 1062 Defert
1034 1002 1142 1062 hic132

55 1104 191 1151 rosacum
206 1086 312 1163 aliquid
330 1086 481 1163 abruptum
504 1105 520 1145 e
538 1086 615 1146 nube
630 1086 745 1163 gelida,
769 1086 949 1145 convolvens
966 1104 1099 1145 versans·

93 1188 150 1248 que
166 1177 196 1228 et
211 1171 321 1229 ruinam
337 1188 416 1229 suam
433 1170 485 1228 illo
501 1169 631 1247 pondere
648 1171 807 1247 adgravans
824 1179 854 1228 et
869 1169 965 1230 locum
983 1189 1019 1230 ex
1033 1169 1099 1231 loco
1160 1192 1163 1198 ·

91 1262 203 1312 mutans
221 1253 319 1331 rapida
335 1254 498 1329 vertigine,
521 1256 678 1331 praecipua
696 1255 890 1330 navigantium
906 1255 1016 1332 pestis,
1042 1272 1100 1314 non
1139 1323 1141 1330 ¹

96 1345 244 1396 antemnas
259 1337 345 1396 modo
361 1354 461 1395 verum
479 1338 542 1412 ipsa
557 1339 670 1412 navigia
692 1344 826 1396 contorta
843 1337 998 1415 frangens,
1020 1339 1100 1397 tenui

95 1420 226 1481 remedio
242 1423 317 1480 aceti
338 1422 367 1478 in
383 1420 586 1479 advenientem
603 1420 704 1496 effusi,
727 1421 771 1479 cui
786 1420 973 1496 frigidissima
989 1430 1035 1480 est
1049 1440 1097 1481 na·

60 1526 88 1569 u
99 1515 169 1563 tura.
192 1503 269 1564 idem
284 1503 371 1563 inlisu
389 1505 454 1580 ipse
468 1521 663 1581 repercussus
677 1511 817 1582 conrepta
832 1521 931 1563 secum
946 1505 976 1562 in
991 1505 1102 1564 caelum

92 1588 185 1648 refert
203 1589 364 1666 sorbetque
380 1589 409 1646 in
427 1587 585 1646 excelsum,

155 1670 240 1751 (50.)
264 1669 349 1742 Quod
369 1671 394 1730 si
410 1673 521 1731 maiore
537 1670 698 1749 depressae
721 1671 806 1730 nubis
828 1673 959 1749 eruperit
980 1688 1082 1748 specu,
1095 1677 1144 1730 133

92 1756 146 1816 sed
162 1757 254 1815 minus
271 1755 330 1814 lato
349 1773 433 1833 quam
449 1753 580 1833 procella
595 1772 649 1814 nec
665 1756 729 1815 sine
744 1755 876 1832 fragore,
895 1755 1038 1814 turbinem
1050 1772 1100 1813 vo·

92 1848 159 1901 cant
172 1841 305 1917 proxima
321 1857 453 1917 quaeque
468 1846 714 1916 prosternentem.
743 1838 821 1897 idem
836 1838 985 1898 ardentior
999 1856 1101 1898 accen·
1152 1878 1155 1883 -

55 1945 83 1988 ῃ
101 1941 213 2001 rusque,
228 1923 293 1982 dum
305 1923 386 1997 furit,
403 1931 521 2000 prester
538 1930 660 1982 vocatur
674 1921 827 1982 amburens
846 1930 979 1982 contacta
984 1923 1101 2002 pariter

93 2016 123 2066 et
138 2016 305 2085 proterens.
342 2005 393 2068 49.
417 2005 483 2065 Non
499 2006 642 2066 litantem
663 2006 827 2085 aquilonius
844 2006 966 2085 typhon,
988 2024 1045 2065 nec
1060 2006 1101 2064 ni·

93 2091 166 2150 valis
179 2099 228 2150 aut
242 2093 309 2150 nive
327 2092 446 2155 iacente¹
458 2088 627 2170 ecncpbias.
660 2087 745 2162 Quod
762 2092 786 2150 si
802 2091 885 2151 simul
900 2092 977 2170 rupit
995 2091 1101 2151 nubem

93 2175 261 2253 exarsitque
277 2183 308 2234 et
325 2176 422 2254 ignem
437 2174 549 2252 babuit,
568 2193 626 2235 non
643 2183 748 2253 postea
761 2177 906 2253 concepit,
921 2175 1030 2236 fulmen
1043 2183 1099 2235 est.

12 2291 18 2298 -
92 2257 180 2318 distat
195 2277 211 2318 a
225 2267 362 2336 prestere
383 2275 440 2337 quo
459 2258 568 2318 flamma
581 2259 617 2319 ab
629 2261 699 2336 igni.
723 2259 770 2319 bic
781 2259 840 2319 late
856 2259 983 2320 funditur
1001 2259 1145 2336 datu,134

56 2341 164 2408 „illud
185 2342 380 2419 conglobatur
402 2343 520 2418 impetu.
556 2340 672 2402 Vertex
690 2351 786 2403 autem
801 2343 957 2403 remeando
981 2343 1101 2402 distata

92 2425 211 2485 turbine
228 2434 257 2484 et
273 2441 331 2502 quo
348 2423 486 2482 stridore
504 2425 638 2500 fragore,
655 2424 786 2501 procella
804 2423 955 2484 latitudine
971 2424 1007 2484 ab
1021 2434 1099 2485 utro.

91 2527 167 2586 que,
184 2508 305 2566 disiecta
321 2506 397 2566 nube
417 2506 515 2565 verius
533 2525 615 2584 quam
629 2515 722 2584 rupta.
753 2507 800 2566 Fit
817 2515 847 2567 et
862 2506 958 2584 caligo
976 2507 1100 2569 nebulae

91 2590 179 2652 simili
196 2589 271 2649 nube
286 2589 348 2649 dira
362 2590 574 2667 navigantibus.
603 2590 733 2649 Vocatur
749 2599 778 2650 et
792 2589 932 2667 columna,
948 2610 1010 2651 cum
1027 2593 1100 2670 spis·

92 2683 173 2735 satus
189 2692 271 2734 umor
286 2675 445 2754 rigensque
461 2675 526 2752 ipse
543 2693 576 2734 se
599 2675 733 2734 sustinet.
767 2694 805 2734 ex
820 2674 925 2736 eodem
939 2694 1053 2754 genere
1070 2685 1100 2738 et

55 2786 83 2830 ω
94 2762 121 2818 in
138 2759 255 2837 longum
271 2759 363 2819 veluti
381 2758 477 2819 fistula
495 2759 588 2819 nubes
604 2777 705 2837 aquam
720 2759 815 2819 trabit,

153 2840 204 2906 50.
225 2842 309 2923 (51.)
333 2842 434 2904 Hieme
456 2852 486 2904 et
506 2850 619 2904 aestate
640 2861 705 2903 rara
726 2844 844 2904 fulmina
866 2847 1020 2906 contrariis
1042 2846 1079 2906 de
1093 2853 1141 2907 131

91 2929 204 3004 causis,
229 2929 363 3006 quoniam
381 2928 477 2988 bieme
493 2927 629 2987 densatus
645 2946 696 2987 aer
716 2928 832 2987 nubium
848 2931 996 2990 crassiore
1015 2931 1098 2989 corio

91 3015 246 3090 spissatur,
263 3015 414 3091 omnisque
430 3021 570 3071 terrarum
586 3011 731 3073 exhalatio
748 3013 847 3089 rigens
863 3032 897 3073 ac
909 3012 1006 3091 gelida
1019 3012 1100 3090 quid·
1155 3070 1158 3083 ¹

91 3096 160 3174 quid
172 3096 276 3174 accipit
286 3097 365 3172 ignei
376 3097 495 3173 vaporis
508 3096 675 3172 exstinguit.
700 3113 774 3175 quae
789 3097 863 3155 ratio
876 3098 1018 3156 inmunem
1029 3095 1099 3171 Scy·

56 3181 179 3242 aetitiam
195 3188 226 3239 et
241 3181 317 3240 circa
340 3181 466 3257 rigentia
486 3197 502 3238 a
523 3179 670 3238 fulminum
691 3198 759 3239 casu
775 3189 922 3257 praestat,
947 3180 1097 3239 ediverso
1148 3204 1157 3257 3

92 3265 194 3323 nimius
208 3263 296 3323 ardor
308 3263 486 3340 Aegyptum,
501 3261 644 3340 siquidem
659 3263 745 3323 calidi
759 3265 887 3341 siccique
903 3262 1027 3322 halituus
1041 3272 1098 3322 ter·
1150 3288 1153 3306 =

90 3365 141 3407 rac
158 3365 223 3406 raro
240 3347 389 3406 admodum
406 3347 559 3423 tenuisque
576 3355 606 3406 et
623 3346 747 3406 infirmas
769 3346 926 3406 densantur
941 3349 971 3406 in
993 3348 1095 3407 nubes.

89 3430 170 3492 Vere
187 3439 283 3490 autem
299 3439 329 3491 et
340 3439 475 3491 autumno
487 3430 640 3491 crebriora
653 3429 781 3507 fulmina,
799 3432 945 3510 corruptis
960 3433 990 3491 in
1002 3440 1080 3492 utro·
1090 3439 1139 3493 loo
