2400 3856
359 176 451 224 rursu.
466 176 547 223 unu.
565 177 597 223 v.
614 172 658 226 ab.
677 163 829 241 (na-31.)
1034 162 1095 224 207

91 331 239 405 risdictio,
265 330 496 407 conveniuntque
513 331 620 389 ineam
637 337 718 389 extra
737 330 903 408 praedictos
918 329 1095 390 Macedones

93 411 228 487 Cadieni,
252 412 477 490 Philadelphini,
503 420 533 471 et
552 412 607 488 ipsi
628 412 656 470 in
670 412 769 473 radice
787 413 881 473 Tmoli
898 411 1026 491 Cogamo
1043 413 1094 475 ilu-

91 497 158 555 mini
181 496 306 574 adpositi
326 494 469 572 Maeonii,
494 494 680 572 Tripolitani,
704 496 789 555 iidem
811 506 840 556 et
856 496 1094 576 Antoniopolitae

91 579 247 639 Maeandro
266 578 433 655 adluuntur,
457 577 736 657 Apollouihieritae,
761 576 986 655 Mysotimolitae
1003 582 1096 642 etalii

69 662 246 740 5igncbiles.

178 746 261 826 (31.)
288 745 368 807 lonia
388 745 424 806 ab
451 745 528 806 lusio
546 746 610 806 sinu
632 747 775 824 incipieus
795 749 996 807 numerosiore
1019 759 1137 810 amm

91 831 151 889 bitu
167 829 281 890 litorum
299 830 433 889 flectitur.
466 831 496 889 in
511 847 546 890 ea
562 829 668 908 primus
681 830 760 901 sinus
773 830 924 906 Basilicus,
940 831 1095 890 Posideum

92 912 320 992 promontorium
341 922 371 972 et
394 914 530 991 oppidum
554 913 703 973 oraculum
720 913 943 974 Branchidarum
964 914 1094 992 appella-

91 1005 167 1071 tum,
191 1015 265 1056 nunc
279 997 430 1072 Didymaei
445 995 607 1074 Apollinis,
632 997 749 1057 alitore
768 997 867 1058 stadiis
881 994 954 1071 XX,
985 1007 1014 1056 et
1029 997 1094 1056 inde
1124 993 1128 999 ’

57 1101 82 1142 sc
94 1077 223 1140 CLXXX
237 1078 353 1141 Miletus
373 1078 471 1141 Ioniae
492 1091 595 1158 caput,
617 1079 753 1158 Lelegcis
770 1090 853 1141 antea
875 1089 905 1140 et
926 1080 1043 1156 Pityusa
1066 1090 1095 1140 et

91 1162 248 1225 Anactoria
264 1165 422 1239 nominata,
448 1182 537 1242 super
550 1161 603 1223 XC
620 1163 732 1224 urbium
754 1181 807 1242 per
823 1173 925 1224 cuncta
941 1166 1030 1224 maria
1042 1183 1093 1242 ge-

91 1249 201 1322 netrix,
222 1265 277 1307 nec
294 1247 452 1307 fraudanda
474 1248 538 1307 cive
554 1243 662 1306 Cadmo
685 1250 733 1326 qui
750 1248 859 1325 primus
881 1265 1012 1327 prorsam
1029 1265 1093 1310 ora·

91 1331 198 1390 tionem
213 1330 347 1412 'condere
369 1330 497 1389 instituit.
536 1331 625 1390 amuis
641 1328 797 1390 Maeander
820 1341 901 1391 crtus
923 1350 940 1390 e
962 1332 1136 1396 lacuiu113

91 1422 188 1472 monte
209 1413 376 1472 Aulocrene
406 1412 596 1492 plurimisque
624 1412 743 1473 adfusus
767 1413 883 1492 oppidis
907 1423 937 1474 et
963 1417 1094 1494 repletus

57 1495 254 1565 unhuminihus
277 1495 403 1572 crebris,
430 1497 469 1555 ita
493 1497 627 1556 sinuosus
651 1495 775 1556 flexibus
799 1505 830 1556 ut
844 1515 935 1575 saepe
959 1500 1094 1559 credatur

91 1581 216 1655 reverti,
238 1579 416 1659 Apamenam
431 1579 552 1657 primum
570 1588 745 1657 pervagatur
760 1581 928 1657 regionem,
950 1598 1018 1640 mcx
1036 1581 1093 1640 llu-

90 1664 273 1739 meneticam,
290 1682 324 1724 ac
339 1663 405 1723 dein
419 1661 627 1739 Hyrgaleticcs
644 1680 778 1740 campos,
800 1672 950 1741 postremo
969 1661 1093 1738 Cariam,

90 1746 222 1824 placidus
239 1748 389 1825 omnisque
407 1763 460 1805 eos
476 1763 564 1823 agros
580 1746 758 1806 fertilissimo
778 1749 875 1825 rigans
891 1748 975 1823 limo,
992 1749 1028 1808 ad
1044 1748 1092 1807 de·

92 1847 203 1888 cumum
219 1848 235 1890 a
250 1829 349 1889 Mileto
366 1830 488 1890 stadium
504 1830 577 1890 lenis
593 1829 728 1889 inlabitur
742 1832 820 1890 mari.
848 1831 915 1891 inde
932 1849 1014 1891 mons
1029 1829 1092 1891 Lat-

54 1937 80 1977 20
91 1930 169 1987 mus,
187 1912 294 1991 oppida
308 1911 453 1974 Heraclea
468 1915 573 1973 montis
589 1914 651 1973 eius
667 1916 857 1990 cognominis,
864 1913 1093 1989 Carice,.Myuus

90 1995 168 2074 quod
193 1997 284 2074 primo
313 1997 476 2057 condidisse
508 1997 595 2058 lones
626 2006 777 2057 narrantur
803 1997 925 2058 Athenis
954 1997 1091 2076 proiecti,

89 2078 280 2155 Naulochum,
298 2080 410 2141 Priene.
446 2082 475 2140 in
493 2099 544 2143 ora
562 2099 636 2160 quae
655 2080 783 2158 Troglea
799 2081 965 2160 appellatur
985 2080 1093 2151 (lessus

89 2164 187 2223 amuis.
214 2166 299 2242 regio
317 2164 571 2226 omnihuslonibus
586 2183 670 2225 sacra
686 2174 715 2224 et
732 2165 799 2224 ideo
812 2163 949 2225 Panionia
964 2165 1094 2243 appella·

88 2256 126 2306 ta.
164 2249 244 2308 iuxta
262 2266 278 2308 a
299 2249 428 2325 fugitivis
445 2250 589 2310 conditum
606 2250 662 2327 (uti
677 2266 781 2308 nomen
801 2248 907 2309 indicio
926 2251 986 2326 est)
1003 2249 1136 2322 Phi-114

54 2355 79 2394 cs
90 2331 156 2405 gela
176 2330 228 2390 iuit
255 2338 285 2390 et
308 2330 511 2392 Marathesium
533 2333 680 2410 oppidum.
726 2350 814 2408 supra
842 2331 917 2392 haec
943 2317 1092 2407 Magnesia

89 2411 237 2472 Maeandri
259 2416 431 2490 cognomine
452 2415 590 2491 insignis,
614 2432 630 2473 a
653 2413 823 2474 Thessalica
841 2413 992 2491 Magnesia
1017 2424 1090 2473 orta.

90 2494 173 2555 abest
190 2495 226 2555 ab
242 2495 361 2574 Epheso
377 2496 431 2556 XV
447 2496 477 2555 M
493 2514 638 2574 passuum,
654 2495 799 2557 Trallibus
812 2513 848 2555 eo
861 2498 982 2574 amplius
993 2495 1090 2555 MMM.

89 2588 174 2638 antea
196 2578 395 2640 Thessaloche
413 2590 442 2639 et
457 2579 620 2642 Androlitia
643 2581 786 2639 nominata
801 2589 830 2638 et
857 2580 936 2639 litori
959 2580 1091 2657 adposita

89 2661 247 2723 Derasidas
263 2663 371 2723 insulas
386 2682 486 2723 secum
502 2662 620 2724 abstulit
637 2664 716 2722 mari.
739 2662 817 2722 lutus
830 2672 859 2723 et
870 2662 1007 2739 Thyatira
1024 2663 1073 2723 ad·
1084 2673 1134 2725 115

55 2746 177 2810 soluitur
193 2744 288 2823 Lyco,
305 2747 425 2825 Pelopia
441 2747 595 2826 aliquando
614 2755 643 2806 et
657 2745 801 2825 Euhippia
819 2749 1029 2824 cognominata.
1064 2748 1093 2806 in

90 2846 142 2889 ora
166 2838 261 2891 autem
284 2828 415 2907 Matium,
437 2830 571 2909 Ephesus
583 2830 763 2893 Amazonum
778 2848 867 2909 opus,
892 2832 989 2891 multis
1007 2839 1091 2890 antea

91 2915 220 2991 expetita
241 2914 419 2992 nominihus,
455 2913 584 2994 Alopes,
612 2932 676 2975 cum
703 2924 859 2993 pugnaturn
880 2916 956 2991 apud
976 2912 1091 2972 Troiam

90 3007 147 3074 est,
159 3016 226 3058 mcx
237 2994 386 3075 Ortygiae,
395 2996 553 3074 Amorges.
575 3005 675 3058 vocata
688 3005 734 3057 est
745 3004 776 3056 et
783 2992 907 3071 Zmyrna
919 2996 1092 3070 cognomine

90 3079 222 3160 Trachia,
230 3088 261 3140 ct
271 3078 451 3140 Haemonion
463 3079 609 3142 etPtelca.
628 3081 768 3149 attollitur
780 3087 877 3158 monte
888 3076 992 3152 Pione,
1005 3077 1092 3137 adlui-

48 3181 74 3221 cc
89 3171 135 3223 tur
151 3161 276 3239 Caystro
289 3164 319 3222 iu
333 3162 472 3224 Cilbianis
488 3165 563 3241 iugis
577 3172 642 3224 orto
655 3163 818 3240 multosque
830 3179 927 3220 amnes
939 3161 1092 3220 deferente

89 3257 120 3307 et
135 3256 266 3325 stagnum
282 3245 444 3323 Pegaseum
468 3247 545 3325 quod
567 3246 702 3322 Phyrites
720 3246 809 3305 amnis
829 3244 960 3321 expellit.
992 3245 1027 3302 ab
1048 3244 1091 3303 his

88 3330 238 3404 multitudo
254 3331 312 3390 limi
332 3338 377 3390 est
393 3347 448 3408 qua
469 3339 562 3391 terras
579 3338 722 3410 propagat
738 3327 898 3405 mediisque
915 3329 970 3387 iam
985 3328 1091 3404 campis

88 3414 199 3491 Syrien
212 3413 334 3475 insulam
355 3412 469 3473 adiecit.
507 3414 574 3475 ions
595 3416 625 3474 in
643 3412 716 3474 urbe
739 3409 880 3490 Callippia
906 3419 936 3470 et
957 3410 1092 3489 templum
