2400 3856
120 136 185 200 214
464 147 492 197 c.
514 145 610 193 amur
633 143 784 192 sncuncr

120 306 177 365 lata
195 312 241 362 est
257 300 380 378 Cronia,
396 301 464 360 dein
480 299 645 376 Thessalis,
666 298 734 359 dein
747 297 889 359 Malianda
911 307 941 359 et
957 298 1133 375 Strymonis.

121 389 175 448 hos
190 386 333 446 Homerus
349 384 503 444 halizonas
519 384 607 460 dixit,
623 383 736 461 quando
749 384 946 461 praecingitur
957 401 1033 460 gens
1051 384 1133 446 mari.

121 470 199 530 Urbs
221 471 275 529 luit
294 472 423 529 inmensa
438 469 547 528 Atussa
570 469 703 544 nomine,
730 485 805 526 nunc
826 475 892 527 sunt
913 465 969 527 XII
985 467 1134 542 civitates,

121 556 197 614 inter
212 572 281 631 quas
299 551 491 613 Gordiucome
503 569 577 630 quae
592 550 744 629 Iuliopolis
761 559 900 628 vocatur,
916 551 946 610 in
959 565 1012 610 cra
1025 549 1134 626 Dascy-

121 639 177 699 los.
208 638 276 697 dein
291 638 396 698 humen
412 636 539 713 Gelbes,
557 645 587 696 et
603 637 680 695 intus
694 634 803 712 Helgas
816 634 953 714 oppidum
969 651 1047 712 quac
1063 632 1160 695 Ger-a

120 720 328 800 manicopolis,
348 721 406 781 alio
418 722 534 781 nomine
545 720 726 796 Booscoete,
743 721 819 779 sicut
829 719 959 797 Apamea
972 736 1050 796 quae
1060 737 1135 779 nnnc

120 804 230 880 Myrlea
245 804 510 886 Colophoniorum,
528 803 632 864 flumen
643 801 788 863 Echeleos
803 803 913 862 anticus
927 800 1051 863 Troadis
1070 803 1134 862 linis

70 902 120 954 144
133 898 163 950 41
182 889 294 966 Mysiae
318 891 440 950 initium.
480 898 585 968 postea
605 889 683 947 sinus
707 889 736 946 in
762 904 819 965 quc
839 884 944 946 flumen
964 886 1133 962 Ascanium,

122 974 258 1051 oppidum
274 973 423 1050 Bryalion,
442 990 539 1032 amnes
552 971 642 1046 llylas
660 980 690 1030 et
705 969 776 1031 Cios
791 989 855 1030 cum
874 969 983 1048 oppido
1002 970 1133 1031 eiusdem

120 1059 259 1133 nominis,
285 1058 362 1135 quod
382 1057 437 1116 fuit
458 1057 618 1133 emporium
641 1072 699 1114 non
729 1054 832 1133 procul
857 1054 1020 1114 adcolentis
1045 1053 1167 1130 Phry-m

120 1143 186 1218 giae
208 1159 224 1198 a
244 1139 368 1199 Milesiis
392 1139 512 1216 quidem,
528 1139 691 1216 conditum,
718 1140 747 1197 in
770 1138 837 1199 loco
855 1146 951 1197 tamen
977 1139 1026 1215 qui
1045 1137 1134 1198 Asca·
1175 1191 1179 1199 .

120 1225 167 1281 nia
181 1222 327 1298 Phrygiae
348 1223 515 1282 vocabatur.
550 1232 731 1301 quapropter
747 1240 806 1283 uon
821 1221 908 1281 aliubi
922 1222 1019 1299 aptius
1041 1222 1078 1282 de
1101 1239 1134 1282 ea

120 1305 239 1365 dicatur.
758 1358 760 1363 .

70 1399 120 1450 145
196 1389 280 1469 (41.)
302 1390 427 1468 Phrygia
448 1389 555 1451 Troadi
578 1392 744 1470 superiecta
762 1389 938 1469 populisque
961 1407 977 1449 a
998 1406 1135 1467 promum

123 1475 200 1533 turio
215 1473 306 1534 hecto
327 1474 361 1534 ad
378 1475 483 1534 humen
501 1473 660 1535 Echelcum
675 1474 833 1553 praedictis
849 1473 1073 1552 septentrionali
1090 1475 1133 1533 sui
1146 1488 1168 1529 ns

122 1567 207 1636 parte
230 1556 360 1618 Galatiae
382 1558 575 1636 contermina,
601 1559 759 1618 meridiana
781 1556 962 1633 Lycaoniae,
994 1556 1133 1633 Pisidiae,

120 1639 314 1719 Mygdoniae,
331 1643 366 1702 ab
384 1643 499 1703 oriente
517 1640 729 1721 Cappadociam
745 1643 871 1717 attingit.
902 1641 1010 1720 oppida
1027 1641 1069 1700 ibi
1087 1660 1134 1702 ce·

79 1704 278 1792 lilleberrtma
294 1734 412 1803 praeter
434 1728 488 1786 iam
506 1727 582 1786 dicta
596 1725 731 1803 Ancyra,
748 1725 875 1802 Andria,
896 1722 1061 1803 Celaenae,
1078 1721 1133 1785 Co·
1156 1722 1165 1737 “

121 1806 238 1886 lassae,
255 1807 374 1887 Carina,
397 1808 557 1888 Cotyaion,
574 1808 712 1886 Cercina,
730 1807 868 1884 Conium,
884 1806 1027 1868 Midaium.
1062 1810 1133 1869 Sunt

120 1901 257 1953 auctores
274 1896 415 1955 transisse
438 1913 476 1954 ex
496 1895 614 1971 Europa
629 1892 751 1954 Moesos
769 1901 799 1953 et
818 1891 933 1970 Brygos
954 1893 985 1952 et
1001 1891 1132 1971 Thynos,
1144 1906 1165 1946 ao

121 1993 137 2034 a
152 1977 256 2053 quibus
272 1978 457 2056 appellentur
470 1977 563 2056 Mysi,
578 1977 727 2054 Phryges,
743 1975 868 2051 Bithyni.

70 2064 121 2116 146
196 2058 278 2137 (42.)
296 2061 385 2120 Simul
402 2061 552 2122 dicendum
569 2061 685 2121 uidetur
696 2069 726 2120 et
744 2059 780 2120 de
799 2057 919 2136 Galatia,
937 2077 1013 2138 quae
1031 2078 1132 2139 super·

120 2143 217 2218 posita
240 2161 327 2218 agros
343 2144 445 2203 maiori
462 2163 500 2203 ex
520 2153 603 2221 parte
618 2143 763 2220 Phrygiae
782 2151 863 2204 tenet
879 2152 1023 2222 caputque
1042 2161 1131 2222 qnon-

120 2225 183 2283 dam
206 2225 267 2284 eius
285 2223 430 2286 Gordium.
463 2224 518 2297 Qui
538 2235 651 2305 partem
674 2245 737 2286 eam
757 2226 894 2288 insedere
912 2226 1062 2288 Gallorum
1077 2227 1130 2287 To·

119 2307 260 2386 listobogi
277 2318 307 2369 et
323 2309 428 2370 Voturi
451 2318 481 2372 ct
496 2310 659 2371 Ambitouti
676 2319 832 2390 vocantur,
854 2313 902 2390 qui
925 2310 1080 2372 Maeoniae
1103 2319 1164 2373 aaa

119 2391 335 2471 Paphlagoniae
363 2395 517 2472 regionem
543 2394 670 2473 Trogmi.
717 2395 919 2455 Praetenditur
947 2392 1131 2475 Cappadocia

118 2495 134 2535 a
151 2480 354 2556 septentrione
373 2487 404 2538 et
421 2479 493 2539 solis
508 2488 583 2556 ortu,
600 2480 681 2539 cuius
697 2479 870 2540 uberrimam
880 2486 993 2558 partem
1010 2497 1131 2558 occupa·

118 2579 191 2620 vere
215 2561 397 2640 Tectosages
422 2581 457 2623 ac
480 2561 700 2623 Teutobodiaci.
736 2562 775 2622 Bt
800 2572 905 2638 gentes
926 2562 1044 2640 quidem
1068 2564 1130 2624 hae.
1195 2556 1198 2561 ’

118 2643 219 2720 populi
243 2663 315 2705 vero
337 2664 370 2706 ac
397 2646 571 2706 tetrarchiae
594 2664 695 2708 omnes
722 2664 842 2706 numero
867 2643 981 2706 CXCV.
1024 2648 1131 2726 oppida

118 2724 313 2803 Tectosagum
332 2729 465 2806 Ancyra,
487 2729 677 2807 Trogmorum
698 2730 832 2808 Tauium,
857 2729 1162 2808 Tolistobogioruua

69 2812 119 2865 147
129 2806 273 2869 Pisinuus.
306 2820 425 2888 praeter
440 2813 495 2873 hos
513 2813 649 2874 celebres
664 2813 851 2891 Actalenses,
866 2814 1057 2892 Alassenses,
1076 2814 1131 2876 Co·

116 2909 247 2970 menses,
264 2893 432 2972 Didienses,
445 2894 655 2976 Hierorenses,
667 2897 813 2975 Lystreni,
825 2896 1024 2978 Neapolitani,
1036 2898 1131 2961 Oean-

116 2975 234 3054 denses,
251 2977 465 3058 Seleucenses,
482 2980 655 3059 Sebasteui,
671 2981 927 3060 Timoniacenses,
949 2980 1130 3045 Thebaseni.

114 3059 243 3138 Atticgit
259 3060 369 3124 Galatia
392 3072 421 3123 41
436 3064 623 3145 Pamphyliae
641 3064 787 3127 Cabaliam
808 3073 839 3126 41
857 3065 961 3142 Milyas
981 3068 1030 3144 qui
1052 3071 1130 3129 circa
1192 3102 1195 3109 ·

113 3143 209 3204 Barim
228 3154 299 3205 'sunt
327 3155 357 3208 et
381 3146 559 3225 Cyllanicum
587 3159 617 3209 et
632 3148 823 3211 Oroandicum
844 3150 971 3210 Pisidiae
995 3157 1162 3228 1444144431

114 3229 183 3287 item
198 3227 362 3304 Lycaoniae
377 3242 489 3312 partem
505 3233 666 3293 Obizenen.
699 3233 813 3294 llumina
829 3242 894 3294 sunt
905 3235 938 3293 'in
955 3251 991 3293 ea
1009 3245 1130 3312 praeter

113 3312 258 3373 iamdicta
274 3315 444 3393 Sangarium
467 3325 496 3377 et
512 3314 626 3393 Gallus,
648 3334 665 3376 a
686 3335 744 3395 quo
765 3335 870 3379 nornen
892 3327 1011 3378 traxere
1027 3317 1130 3380 Matris

113 3393 197 3454 deum
213 3397 393 3462 sacerdotes.
