2400 3856
324 207 577 255 uar.a1sr.v1.
596 201 712 253 ao-aa
731 192 881 271 (aa-24.)
1044 175 1107 253 '233

93 379 205 438 genere
225 359 339 436 hugum
355 360 549 440 arborumque
564 370 612 421 aut
628 362 754 421 ferarum
770 378 804 420 ac
820 359 969 420 volucrum
989 367 1019 418 et
1036 358 1106 431 alio-

93 462 156 502 rum
170 443 330 502 animalium
351 444 499 504 traduntur
520 447 580 504 suis
601 462 733 522 quaeque
753 443 826 503 locis
848 444 877 502 in
893 443 1006 520 reliqua
1022 451 1105 521 parte

95 528 196 605 operis
215 526 524 605 conmemorabuntur,
546 537 682 606 quattuor
696 530 840 606 satrapiae
858 545 927 586 mox
944 526 1048 605 paulo,
1071 527 1106 586 ad

94 609 286 689 Taprobanen
305 611 427 671 insulam
448 612 605 672 festinante
628 613 730 672 animo.
760 611 813 671 sed
835 619 900 671 ante
922 619 987 669 suut
1013 610 1104 669 aliae:
1121 624 1158 676 30

59 710 72 750 s
93 695 190 754 Patale
212 713 296 773 quam
316 695 540 772 significavimus
563 698 592 757 in
614 698 687 774 ipsis
709 695 840 755 faucibus
859 693 938 768 Indi,
961 695 1104 771 triquetra
1117 723 1139 757 a

94 779 203 855 ligura,
237 776 343 838 CCXX
370 776 400 838 Μ
429 797 564 858 passuum
592 778 752 839 latitudine.
801 786 885 837 extra
914 778 1018 836 ostium
1044 776 1106 835 Indi

96 858 208 938 Chryse
226 870 256 922 et
272 861 402 940 Argyre,
418 862 533 924 fertiles
544 863 681 939 metallis,
693 861 831 922 utoredo.
855 879 919 920 uam
931 861 1007 939 quod
1020 859 1107 937 aliqui

60 966 62 970 ·
95 945 241 1005 tradidere
262 964 380 1005 aureum
403 956 633 1026 argenteumque
656 947 700 1006 his
723 945 816 1006 solum
839 963 906 1006 esse
929 945 996 1003 haut
1019 943 1106 1004 facile

95 1028 275 1090 crediderim.
305 1031 341 1089 ab
360 1030 404 1090 his
421 1030 477 1090 XX
491 1030 520 1090 Μ
535 1050 612 1110 pass.
631 1028 754 1091 Crocala
773 1038 804 1089 et
817 1030 853 1089 ab
870 1048 904 1089 ea
920 1027 975 1088 Xll
987 1025 1016 1087 Μ
1028 1044 1105 1105 pass.

57 1130 81 1169 ro
94 1112 202 1191 Bibaga
222 1115 329 1173 ostreis
353 1123 384 1173 et
406 1116 566 1192 conchyliis
587 1117 714 1190 referta,
738 1113 805 1174 dein
826 1110 974 1174 Coralliba
995 1109 1062 1170 Vlll
1078 1109 1109 1170 Μ

95 1216 173 1276 pass.
190 1216 206 1258 a
222 1216 308 1275 supra
324 1199 414 1274 dicta,
430 1199 593 1278 multaeque
610 1199 767 1277 ignobiles.

97 1357 100 1361 ¹
157 1278 207 1340 22.
232 1278 314 1358 (24.)
335 1280 529 1359 Taprobanen
545 1283 667 1343 alterum
683 1283 784 1343 orbem
804 1291 946 1343 terrarum
968 1300 1035 1341 esse
1057 1280 1104 1340 diu
1122 1290 1155 1344 at

96 1365 289 1424 existimatum
306 1372 351 1424 est
373 1364 598 1425 Antichthonum
612 1365 819 1445 appellatione.
853 1375 883 1425 ut
897 1365 1019 1425 insulam
1036 1384 1104 1425 esse

94 1448 224 1528 liqueret
239 1447 398 1509 Alexandri
411 1448 506 1526 Magni
522 1458 603 1509 aetas
619 1467 727 1527 resque
740 1451 926 1527 praestitere.
957 1448 1104 1508 Onesicri-

56 1550 81 1589 15
96 1542 141 1592 tus
158 1531 261 1593 classis
284 1533 347 1592 eius
366 1534 531 1610 praefectus
548 1533 721 1612 elephantos
738 1533 778 1591 ibi
793 1534 919 1592 maiores
935 1532 1105 1592 bellicosio-

95 1634 204 1694 resque
226 1633 310 1695 quam
337 1615 366 1675 in
391 1615 470 1676 lndia
490 1619 571 1694 gigni
598 1617 733 1695 scripsit,
758 1615 965 1693 Megasthenes
988 1614 1105 1674 lluminc

95 1699 201 1775 dividi,
217 1698 387 1776 incolasque
404 1699 607 1778 Palaeogonos
622 1699 780 1778 appellari,
796 1702 857 1760 auri
873 1700 1106 1776 margaritarum·

95 1802 153 1862 que
172 1782 321 1860 grandium
341 1783 503 1844 fertiliores
520 1803 603 1862 quam
622 1783 720 1845 ludos.
750 1782 963 1844 Eratosthenes
984 1791 1014 1842 et
1028 1801 1106 1857 men·

97 1884 191 1926 suram
212 1866 358 1945 prodidit,
379 1867 568 1944 longitudinis
593 1867 648 1928 Vll
671 1867 700 1927 Μ
723 1868 816 1945 stad,
838 1866 994 1927 latitudinis
1017 1865 1044 1923 V
1066 1864 1106 1941 Μ,

56 1967 82 2007 ao
95 1968 152 2010 nec
171 1950 260 2010 urbes
284 1968 352 2010 esse
373 1951 426 2011 sed
447 1949 629 2018 vicosDCC.
668 1953 772 2030 incipit
794 1952 829 2011 ab
851 1950 916 2010 Eoo
938 1952 1008 2009 mari
1030 1951 1106 2010 inter
1122 1961 1159 2015 82

97 2042 191 2093 ortum
209 2051 401 2112 occasumque
418 2035 490 2096 solis
506 2035 604 2097 Indiae
623 2045 776 2115 praetenta
790 2044 820 2095 et
838 2035 979 2114 quondam
994 2033 1106 2093 credita

96 2115 152 2176 XX
167 2116 278 2178 dierum
292 2119 479 2196 navigatione
495 2138 511 2179 a
527 2118 669 2180 Prasiana
683 2129 772 2197 gente
791 2120 916 2194 distare,
938 2136 1022 2193 mox,
1040 2119 1107 2195 quin

96 2205 267 2280 papyraceis
284 2203 405 2264 naribus
422 2206 663 2283 armamentisque
678 2202 737 2263 Nili
754 2211 926 2283 peteretur,
941 2201 976 2262 ad
992 2209 1106 2261 nostra·

96 2303 158 2344 rum
182 2287 295 2345 navium
314 2305 416 2347 cursus
440 2288 495 2347 Vll
516 2288 626 2348 dierum
646 2287 801 2347 intervallo
826 2295 931 2346 taxata.
966 2284 1047 2344 blare
1064 2285 1106 2343 in·

57 2386 83 2426 aa
98 2376 191 2427 terest
208 2368 362 2445 vadosum,
383 2373 463 2431 senis
483 2389 541 2429 non
562 2370 683 2449 amplius
705 2370 862 2429 altitudinis
879 2369 1031 2446 passibus,
1053 2366 1105 2426 scd

97 2453 188 2511 certis
203 2451 349 2511 canalibus
369 2454 407 2513 ita
423 2453 594 2531 profundum
614 2461 644 2512 ut
662 2452 757 2512 nullae
773 2450 917 2512 anchorae
933 2450 1035 2509 sidant.
1067 2449 1105 2508 ob

96 2535 124 2595 id
141 2535 261 2594 navibus
277 2537 419 2618 utrimque
437 2553 559 2616 prorae,
575 2555 613 2596 ne
628 2555 682 2614 per
697 2538 844 2612 angustias
860 2535 936 2595 alvei
950 2534 1106 2611 circumagi

96 2620 134 2678 sit
156 2637 289 2679 necesso.
324 2619 489 2697 magnitudo
510 2619 545 2680 ad
567 2629 650 2680 terna
671 2619 748 2678 milia
769 2618 945 2698 amphorum.
980 2617 1106 2677 siderum
1122 2628 1159 2682 83

96 2703 126 2760 in
141 2701 302 2778 navigando
318 2703 395 2764 nulla
411 2704 596 2781 observatio,
619 2705 782 2782 septentrio
805 2721 863 2763 non
888 2703 1032 2777 cernitur,
1053 2702 1107 2763 sed

59 2801 84 2840 ao
98 2784 233 2844 volucres
251 2805 349 2846 secum
362 2787 469 2848 vehunt
486 2790 652 2848 emittentes
666 2789 795 2866 saepius,
811 2797 991 2865 meatumque
1008 2804 1106 2847 earum

98 2876 204 2928 terram
224 2871 384 2948 petentium
401 2874 581 2932 comitantur.
620 2891 675 2932 uec
699 2871 764 2949 plus
786 2873 934 2950 quaternis
956 2870 1105 2930 mensibus

98 2970 172 3012 anno
192 2954 335 3030 navigant.
366 2964 470 3016 cavent
485 2975 501 3015 a
519 2955 646 3016 solstitio
662 2957 785 3016 maxime
802 2965 916 3015 centum
936 2955 1015 3029 dies,
1039 2964 1107 3013 tunc

98 3035 150 3096 illo
165 3038 234 3096 mari
252 3037 387 3098 hiberno.
416 3039 561 3099 llactenus
577 3057 593 3098 a
611 3041 717 3118 priscis
737 3047 905 3099 memorata.
943 3038 1027 3098 nobis
1043 3035 1105 3096 dili·
1120 3049 1155 3099 84

97 3122 215 3198 gentior
230 3121 331 3181 notitia
349 3120 448 3183 Claudi
471 3125 633 3202 principatu
648 3124 771 3200 contigit
786 3123 891 3200 legatis
912 3123 997 3181 cti'am
1017 3141 1056 3182 ex
1071 3139 1106 3181 ea

58 3204 189 3263 aninsula
214 3205 353 3265 advectis.
389 3207 417 3265 id
440 3208 543 3267 accidit
565 3208 621 3267 hoc
650 3208 746 3269 modo.
783 3207 858 3267 Armi
885 3205 1030 3283 Plocami,
1057 3205 1105 3283 qui

96 3289 183 3347 maris
196 3285 287 3347 Rubri
300 3290 428 3367 vectigal
440 3309 456 3351 a
473 3291 544 3350 lisoo
557 3292 733 3367 redemerat,
746 3291 869 3351 libertus
882 3293 957 3350 cirea
970 3291 1106 3349 Arabiam

98 3374 236 3448 navigans
257 3372 453 3451 Aquilonibus
478 3384 576 3453 raptus
600 3383 719 3454 praeter
743 3372 933 3450 Carmaniam,
962 3372 1026 3432 XV.
1059 3373 1106 3434 die

97 3452 244 3534 Hippuros
260 3466 376 3535 portum
391 3461 453 3518 eius
469 3459 614 3537 invectus,
632 3459 769 3537 hospitali
787 3461 867 3536 regis
884 3458 1107 3519 elementia'sex
