2400 3856
349 182 429 229 nnn.
452 183 543 231 urso.
567 185 600 231 u.
622 181 724 234 9-13.
749 172 900 252 (rt-rt.)
1057 173 1116 234 197

117 334 279 411 iunguntur,
297 333 332 394 ab
349 335 460 394 oriente
476 332 626 411 Canchlei,
643 354 659 396 a
676 337 795 397 meridie
813 334 929 413 Cedrei,
948 339 996 416 qui
1012 339 1116 399 deindo

118 418 202 478 ambo
224 417 389 478 Nabataeis.
427 418 664 498 Heroopoliticus
683 428 804 480 vocatur
824 421 956 500 alterque
976 421 1115 483 Aelaniti-

119 520 169 561 cus
192 503 270 560 sinus
286 499 377 561 Rubri
398 503 484 562 maris
505 503 534 574 in
557 501 723 582 Aegyptum
743 507 907 580 vergentis,
931 503 976 563 Ch
997 504 1027 564 M
1048 525 1114 585 pas·

117 603 198 644 suum
220 585 373 645 intervallo
394 584 541 645 interduo
558 586 679 664 oppida,
704 585 815 646 Aelana
840 589 913 647 etin
930 597 1030 646 nostro
1046 592 1115 649 mari

95 668 230 729 elianam.
271 668 403 748 Agrippa
426 687 443 730 a
463 669 580 730 Pelusio
600 668 746 729 Arsinoen
766 669 856 729 Rubri
876 671 962 731 maris
980 673 1115 749 oppidum

116 771 170 832 per
192 754 308 813 deserta
327 750 433 814 CXXV
450 751 480 812 Μ
500 770 635 832 passuum
652 753 747 813 tradit.
785 762 841 813 tam
862 769 952 833 parvo
976 754 1062 814 distat
1076 755 1115 814 ibi

115 846 192 898 tanta
210 855 305 897 rerum
321 845 439 898 naturae
457 837 619 898 diversitas.

201 920 250 979 12.
279 921 363 1000 (13.)
392 919 474 981 quta
497 921 581 996 Syria
604 919 672 980 litus
696 928 836 1000 occupat,
859 920 1002 999 quondam
1024 930 1158 985 terra-66

116 1022 177 1064 rum
193 1022 322 1064 maxuma
340 1013 369 1063 et
381 1004 511 1082 pluribus
529 1005 662 1065 distincta
678 1003 848 1064 nominibus.
876 1021 998 1081 namque
1014 1003 1113 1063 Palae·

83 1100 106 1140 10
116 1089 189 1148 stine
210 1087 369 1148 vocabatur
393 1107 448 1167 qua
474 1089 614 1166 contingit
634 1087 761 1166 Arabas,
786 1097 816 1148 et
832 1087 938 1148 Iudaea
962 1096 991 1147 et
1011 1085 1114 1163 Coele,

116 1174 181 1232 enin
198 1171 362 1248 Phoenice,
387 1182 417 1231 ot
437 1191 493 1252 qua
513 1172 626 1234 recedit
650 1174 724 1232 intus
746 1173 942 1248 Damascena,
967 1189 1001 1230 ac
1023 1171 1115 1248 magis

116 1258 267 1315 etiamnum
282 1256 439 1317 meridiana
455 1254 629 1332 Babylonia,
656 1265 685 1315 et
701 1256 802 1316 eadem
815 1254 1026 1334 Mesopotamia
1041 1255 1116 1314 inter

115 1339 282 1416 Euphraten
299 1347 328 1396 et
346 1337 461 1414 Tigrin,
483 1356 596 1417 quaque
618 1340 719 1400 transit
734 1337 856 1398 Taurum
871 1338 1026 1417 Sophene,
1044 1338 1115 1398 citra
1194 1350 1198 1355 ·

115 1439 186 1481 vero
219 1440 281 1481 eam
313 1418 522 1498 Commagene,
540 1430 569 1481 et
584 1422 657 1482 ultra
671 1421 836 1481 Armeniam
851 1420 1002 1481 Adiabene
1024 1421 1114 1496 Assy·

82 1520 106 1559 15
117 1508 158 1565 ria
175 1514 240 1565 ante
257 1505 349 1581 dicta,
373 1513 402 1564 et
417 1504 466 1564 ubi
487 1502 616 1565 Ciliciam
633 1506 744 1582 attingit
759 1504 924 1565 Antiochia.
951 1503 1156 1581 Longitudohl

117 1592 176 1648 eius
198 1591 273 1648 inter
295 1586 424 1649 Ciliciam
446 1597 476 1648 et
497 1588 632 1650 Arabiam
651 1585 831 1647 CCCCLXX
852 1585 882 1646 Μ
901 1605 1037 1666 passuum
1058 1597 1113 1663 est,

116 1672 235 1732 latitudo
252 1691 267 1732 a
284 1673 419 1732 Seleucia
435 1672 530 1733 Pieria
557 1672 592 1732 ad
611 1673 747 1752 oppidum
768 1673 797 1730 in
817 1669 965 1749 Euphrate
986 1669 1114 1748 Zeugma

117 1754 244 1814 CLXXV
261 1754 290 1814 Μ
304 1774 449 1835 passuum.
486 1757 534 1835 qui
562 1753 693 1816 subtilius
710 1755 837 1816 dividunt
860 1754 1047 1814 circumfundi
1061 1755 1114 1829 Sy-

115 1841 158 1898 ria
173 1838 340 1899 Phoenicen
353 1839 468 1914 volunt,
494 1848 524 1898 et
539 1858 607 1900 esse
624 1856 703 1899 oram
718 1839 883 1898 maritimam
896 1838 1017 1913 Syriae,
1035 1839 1114 1897 cuius

80 1938 106 1977 ao
117 1939 184 2000 pars
208 1924 244 1982 sit
258 1922 392 1983 Idumaea
413 1932 442 1983 et
462 1922 585 1999 Iudaea,
614 1923 680 1983 dein
701 1923 884 1997 Phoenicen,
908 1921 976 1980 dein
992 1921 1115 1995 Syriam.

115 2005 147 2064 Id
164 2005 240 2083 quod
263 2007 412 2084 praeiacet
423 2023 506 2069 ,mare
524 2015 615 2067 totum
635 2005 820 2067 Phoenicium
844 2004 1019 2085 appellatur.
1051 2006 1115 2084 ipsa

115 2107 189 2166 gens
204 2089 379 2149 Phoenicum
393 2091 422 2150 in
438 2109 540 2168 magna
562 2090 657 2168 gloria
671 2090 830 2150 litterarum
846 2090 1018 2149 inventionis
1034 2097 1063 2148 et
1078 2089 1115 2147 si·

116 2173 215 2234 derum
234 2173 433 2253 navaliumque
451 2192 486 2234 ac
503 2174 672 2235 bellicarum
690 2176 798 2235 artium.

103 2290 109 2299 s
201 2254 283 2336 (14.)
308 2257 335 2316 A
356 2258 473 2318 Pelusio
491 2258 633 2319 Chabriae
655 2268 767 2337 castra,
791 2255 892 2318 Casius
915 2273 1012 2331 mons,
1036 2255 1158 2318 dela-68

80 2352 105 2390 ²5
116 2338 197 2397 hrum
213 2339 291 2398 lovis
308 2338 402 2416 Casii,
424 2342 547 2400 tumulus
565 2340 661 2419 Magni
676 2342 805 2418 Pompei.
839 2339 990 2400 Ostracine
1007 2336 1115 2398 Arabia

116 2422 227 2495 finitur,
249 2439 265 2480 a
279 2421 396 2482 Pelusio
411 2421 488 2481 LXV
503 2422 532 2481 Μ
548 2441 691 2501 passuum.
739 2423 785 2482 13.
809 2418 879 2480 Mox
897 2421 1030 2481 Idumaea
1046 2422 1112 2480 inci·

116 2506 159 2582 pit
175 2512 203 2562 et
223 2503 386 2565 Palaestina
404 2505 439 2565 ab
454 2523 569 2564 emersu
585 2504 716 2566 Sirbonis
731 2503 933 2582 lacuusquem
949 2504 1061 2582 quidam
1070 2502 1115 2563 CL

115 2586 144 2646 Μ
160 2605 296 2665 passuum
313 2588 433 2648 circuitu
447 2587 603 2649 tradidere.
635 2587 801 2648 Herodotus
818 2584 904 2646 Casio
920 2588 1009 2646 monti
1025 2585 1115 2664 adpli-

117 2673 189 2747 cuit,
212 2689 286 2730 nunc
309 2681 353 2730 es't
376 2672 459 2750 palus
480 2672 602 2737 modica.
647 2671 755 2751 oppida
774 2670 973 2731 Rhinocolura
994 2678 1023 2729 et
1041 2671 1114 2728 intus

80 2753 274 2832 aoRhaphea,
297 2752 373 2815 Caua
396 2764 425 2814 et
446 2756 521 2815 intus
545 2755 716 2829 Anthedon,
739 2771 821 2814 mons
845 2753 975 2832 Argaris.
1020 2751 1115 2830 Regio

117 2855 271 2916 peronam
294 2839 432 2899 Samaria.
468 2840 605 2918 oppidum
628 2838 736 2899 Ascalo
758 2838 897 2911 liberum,
920 2837 1049 2913 Azotos,
1071 2835 1114 2895 la·

115 2939 218 2981 mneae
234 2922 323 2998 duae,
350 2922 441 2982 altera
461 2922 545 2982 intus.
586 2921 658 3000 Iope
680 2922 872 2998 Phoenicum,
893 2922 1036 2999 antiquior
1058 2927 1157 2981 ter-69

115 3023 210 3063 rarum
240 3005 440 3081 inundatione,
469 3013 498 3064 ut
524 3005 637 3081 ferunt,
665 3004 769 3065 insidet
794 3006 900 3065 collem
928 3003 1113 3082 praeiacente

116 3104 187 3147 sano
204 3089 233 3146 in
249 3106 306 3166 quo
321 3089 502 3149 vinculorum
517 3088 722 3149 Andromedae
733 3090 858 3166 vestigia
875 3086 1037 3147 ostendunt.
1065 3103 1114 3145 co·

81 3171 184 3232 colitur
205 3170 267 3230 illio
286 3170 420 3232 fabulosa
442 3170 526 3233 Ceto.
563 3172 632 3232 lnde
654 3171 829 3251 Apollonia,
853 3171 995 3231 Stratonis
1016 3170 1113 3244 turris,

116 3254 217 3314 eadem
241 3252 404 3332 Caesarea,
436 3256 472 3316 ab
496 3254 614 3317 Herode
643 3274 717 3334 rege
744 3255 874 3330 condita,
905 3271 979 3314 nunc
1001 3253 1115 3314 colonia

114 3338 208 3397 Prima
223 3336 323 3400 Flavia
338 3357 354 3400 a
373 3338 557 3418 Vespasiano
573 3340 750 3419 imperatore
767 3339 901 3399 deducta.
934 3338 997 3396 linis
1014 3336 1115 3396 Palae·

116 3423 205 3481 stines
221 3419 432 3483 CLXXXVllll
454 3424 512 3484 mil.
530 3441 666 3504 passuum
686 3443 703 3484 a
728 3422 850 3483 confinio
874 3420 1010 3481 Arabiae.
1050 3420 1116 3480 dein
