2400 3856
107 159 168 223 168
451 170 481 219 e.
503 169 601 216 emur
620 167 769 217 saeuum

108 326 229 387 Crocus.
258 327 321 403 ipsa
336 325 422 384 abest
437 325 637 403 promunturio
657 342 710 382 suo
727 323 804 400 quod
820 331 940 384 vocatur
956 322 1123 389 Criumein·

106 428 181 489 pon,
197 418 228 469 ut
246 409 343 488 prodit
358 408 509 487 Agrippa,
529 426 545 466 a
560 405 737 483 Cyrenarum
752 410 952 486 promunturio
968 408 1123 483 Phycunte

108 493 216 555 CXXV
245 493 304 553 mil.
330 490 483 572 passuum,
511 494 580 551 item
607 489 725 551 Cadisto
748 510 765 551 a
795 489 891 550 hlaleo
917 491 1121 571 Peloponnesi

105 576 223 654 LXXX,
246 596 262 636 a
285 575 430 655 Carpatho
450 576 543 636 insula
564 576 764 654 promunturio
781 574 925 634 Samoneo
946 574 998 636 LX
1014 578 1076 638 mil.
1092 580 1122 637 in

106 664 251 724 favonium
267 670 393 721 ventum.
416 661 489 720 haec
503 662 579 721 inter
595 677 658 720 earn
674 667 705 718 et
719 657 851 718 Rhodum
867 661 1031 721 interiacet.
1062 660 1149 723 Rea

54 742 88 804 δι’
106 749 203 825 liquae
219 747 296 805 circa
312 764 375 806 eam
394 753 462 806 aute
478 743 714 822 Peloponnesum
733 742 805 803 duae
821 738 974 821 Corycoe,
996 745 1122 807 totidem

106 830 218 907 Hylae,
235 839 265 889 et
282 830 375 890 latere
394 828 618 907 septentrionali
634 826 737 887 dextra
753 825 869 887 Cretam
884 826 1003 887 habenti
1016 838 1123 891 contra

107 914 274 992 Cydoneam
288 913 385 974 Leuce
404 922 434 973 et
449 912 522 972 duae
537 911 669 986 Budroe,
687 920 789 971 contra
803 911 921 971 Hatium
934 911 1002 986 Dia,
1017 922 1123 975 contra

104 999 215 1059 Itanum
243 997 472 1075 promunturium
496 994 619 1070 Onysia,
645 993 761 1070 Leuce,
786 1004 889 1056 contra
912 993 1122 1073 Hierapytnam

13 1087 16 1093 '
107 1081 235 1158 Chrysa,
259 1080 386 1141 Gaudos.
421 1077 524 1138 eodem
552 1087 644 1137 tractu
666 1077 826 1157 Ophiussa,
853 1080 963 1156 Butoa,
990 1078 1158 1155 Aradus‚1u

106 1164 366 1239 circumvectisque
393 1159 603 1240 Criumetopun
629 1169 689 1222 tres
721 1162 910 1239 Acusagorus
939 1162 1122 1241 appeHatae.

105 1257 172 1307 ante
189 1247 354 1306 Samonium
368 1247 596 1324 promunturium
607 1244 739 1323 Phocoe,
751 1247 872 1323 Platiae,
888 1246 1032 1323 Siruides,
1044 1246 1123 1311 Nau-

54 1338 88 1391 62
105 1331 224 1406 lochos,
246 1328 429 1408 Harmedon,
452 1328 599 1408 Zephyre.
636 1329 675 1389 ht
697 1333 725 1390 in
746 1329 884 1406 Hellade,
906 1330 1064 1391 etiamnum
1091 1333 1123 1393 in

106 1415 248 1492 Aegaeo,
271 1414 431 1491 bichades,
454 1414 610 1493 Scarphia,
633 1412 764 1490 Corese,
784 1415 924 1475 Phocasia
947 1414 1121 1492 conplures-

105 1518 162 1578 que
177 1499 251 1560 aliae
274 1517 312 1559 ex
333 1499 458 1559 adverso
476 1498 593 1558 Atticae
612 1501 675 1558 sine
692 1499 808 1576 oppidis
825 1506 855 1558 et
875 1497 942 1558 idco
958 1498 1118 1574 ignobiles.
1133 1515 1157 1560 n

105 1584 158 1645 sed
173 1593 273 1644 contra
284 1582 424 1644 Eleusina
437 1582 514 1642 clara
527 1581 659 1657 Salamis,
674 1591 740 1642 ante
754 1600 815 1641 cam
828 1581 983 1657 Psyttalia,
998 1578 1120 1645 aSuniu

105 1686 177 1728 vero
196 1666 308 1727 Helene
327 1666 354 1725 V
372 1666 431 1726 mil.
447 1684 523 1744 pass.
545 1666 663 1726 distans.
696 1665 764 1726 dein
780 1663 858 1725 Ceos
878 1666 913 1725 ab
932 1683 967 1726 ea
983 1666 1120 1745 totidem,

106 1770 188 1830 quam
204 1753 296 1810 nostri
313 1751 426 1828 quidam
442 1750 544 1811 dixere
558 1747 663 1827 Ceam,
680 1747 782 1809 Graeci
802 1758 832 1809 et
846 1748 1020 1826 Hydrusam,
1038 1751 1120 1810 avol-

104 1854 165 1894 sam
179 1835 337 1912 Euboeae,
360 1835 386 1893 D
406 1835 494 1912 longa
514 1834 624 1894 stadios
641 1835 696 1893 luit
711 1833 871 1913 quondam,
893 1851 962 1893 mox
980 1841 1121 1911 quattuor

65 1971 68 1976 .
103 1919 320 1998 lerepartibus
344 1936 418 1996 quae
440 1918 476 1978 ad
495 1919 649 1978 Boeotiam
664 1918 827 1994 vergebant
849 1917 953 1977 eodem
976 1919 1048 1977 mari
1069 1918 1155 1981 dea

103 2005 213 2061 voratis
236 2002 342 2080 oppida
360 2002 582 2079 habettreliqua
597 2001 704 2078 Iulida,
729 1999 917 2079 Carthaeam,
936 2001 1119 2063 intercidere

105 2082 252 2161 Coresus,
278 2084 439 2144 Poeeessa.
478 2101 517 2144 ex
536 2085 589 2144 hac
604 2085 764 2162 profectam
780 2084 982 2145 delicatiorem
1000 2085 1119 2147 leminis

103 2175 216 2227 vestem
232 2175 334 2226 auctor
350 2175 397 2226 est
412 2166 517 2226 Varro.

50 2258 86 2312 63
166 2249 250 2330 (21.)
270 2250 393 2310 Euboea
411 2249 444 2311 ¹et
465 2251 529 2329 ipsa
544 2251 645 2311 avolsa
661 2251 804 2312 Boeotiae
824 2260 881 2312 mm
895 2252 1010 2312 modico
1027 2253 1118 2315 inter-

103 2334 212 2396 fluente
227 2335 339 2414 Euripo
356 2344 386 2395 ut
401 2344 490 2414 ponte
509 2337 676 2412 iungantur,
692 2335 726 2395 ad
741 2337 891 2396 meridiem
907 2340 1117 2413 promunturiis
1130 2356 1154 2399 aa

103 2420 231 2498 duobus,
254 2419 398 2481 Geraesto
421 2420 457 2480 ad
478 2420 605 2481 Atticam
624 2428 768 2497 vergente
787 2428 818 2479 et
840 2420 876 2480 ad
891 2419 1118 2498 Hellespontum

103 2502 275 2583 Caphereo,
291 2505 433 2582 insignis,
456 2523 471 2565 a
486 2505 689 2583 septentrione
706 2501 842 2579 Cenaeo,
861 2521 999 2581 nusquam
1019 2504 1118 2565 latitu-

102 2587 196 2648 dinem
211 2589 286 2648 ultra
301 2587 350 2647 XL
369 2587 398 2646 Μ
414 2607 551 2666 passuum
567 2588 715 2662 extendit,
731 2606 872 2666 nusquam
884 2589 958 2648 intra
972 2585 1032 2647 HM
1047 2606 1118 2649 con·

102 2671 204 2745 trahit,
225 2672 277 2730 sed
297 2673 326 2730 in
341 2671 550 2748 longitudinem
569 2673 721 2731 universae
742 2670 886 2731 Boeotiae
907 2671 943 2733 ab
959 2669 1058 2731 Attica
1079 2671 1116 2733 ad

101 2751 282 2813 Thessaliam
297 2770 389 2830 usque
409 2763 562 2831 praetenta
583 2755 612 2813 in
635 2752 680 2813 CL
701 2754 759 2814 mil.
776 2773 871 2833 pass,
899 2756 1020 2815 circuitu
1039 2772 1114 2814 vero
1129 2774 1155 2819 tc

47 2846 83 2897 64
102 2834 265 2896 CCCLXV.
311 2835 395 2895 abest
420 2836 456 2896 ab
477 2836 672 2914 Hellesponto
704 2847 786 2916 parte
810 2836 955 2917 Capherei
979 2835 1116 2897 CCXXX

100 2921 158 2981 mil.
176 2938 328 2999 passuum,
343 2919 463 2979 urbibus
475 2920 616 2999 quondam
628 2921 754 2998 Pyrrha,
768 2922 925 2999 Porthmo,
939 2920 1038 2998 Neso,
1058 2920 1115 2982 Ce-

98 3005 207 3082 rintho,
224 3002 315 3082 Oreo,
332 3003 405 3080 Dio,
424 3004 584 3082 Aedepso,
604 3003 694 3082 Ocha,
715 3005 863 3082 Oechalia,
880 3024 955 3066 nunc
974 3003 1115 3067 Chalcide

98 3091 179 3149 cuius
196 3107 235 3150 ex
249 3089 374 3149 adverso
396 3089 425 3147 in
445 3089 603 3148 continenti
619 3089 704 3150 Aulis
724 3098 788 3166 est,
808 3088 968 3167 Geraesto,
983 3088 1113 3167 Eretria,

100 3170 234 3249 Carysto,
252 3171 384 3250 Oritano,
401 3171 573 3248 Artemisio,
588 3173 670 3234 fonte
685 3173 844 3249 Arethusa,
860 3173 975 3234 llumine
989 3172 1113 3234 Lelanto
1127 3190 1154 3233 as

99 3259 240 3335 aquisque
256 3258 356 3317 calidis
374 3274 448 3335 quae
463 3255 598 3333 Ellopiae
614 3267 752 3318 vocantur
768 3258 886 3334 nobilis,
903 3260 1002 3318 notior
1017 3266 1114 3317 tamen

98 3358 241 3400 marmore
258 3339 403 3417 Carystio.
445 3347 530 3398 antea
551 3342 676 3402 vocitata
697 3350 743 3402 est
763 3338 970 3402 Chalcodontis
988 3350 1036 3401 aut
1052 3340 1113 3401 Ha-

97 3425 172 3501 cris,
191 3433 219 3483 ut
230 3423 388 3501 Dionysius
405 3432 435 3485 et
453 3422 589 3501 Ephorus
602 3425 732 3501 tradunt,
745 3433 776 3485 ut
789 3425 936 3485 Aristides
949 3424 1062 3503 Hacra,
1081 3434 1113 3485 ut
