2400 3856
325 199 406 244 nau.
427 198 520 246 rursu.
541 199 579 247 11.
603 194 678 244 a-t.
701 187 796 258 (a-c.)
1023 184 1063 246 67

58 352 152 411 miuus
174 349 310 426 evolent,
330 359 490 429 contraque
511 354 611 428 gravia
631 370 667 411 ae
687 359 772 411 ruant
792 349 930 429 suspendi
948 351 1064 411 levibus

58 437 89 497 in
103 433 229 495 sublime
245 434 443 495 tendentibus.
474 435 516 494 sic
535 438 597 512 pari
612 437 640 494 in
657 434 773 494 diversa
788 433 852 492 nisu
865 435 895 493 iu
908 452 961 494 suo
978 451 1064 511 quae·

60 536 117 598 qne
127 519 294 578 consistere
304 518 472 595 inrequieto
483 518 578 577 mundi
591 520 683 596 ipsius
695 518 994 592 constrictacircuitu,
1006 535 1063 595 quo

59 619 179 679 semper
200 602 230 660 iu
251 619 284 661 se
304 609 440 660 currente
462 602 545 660 imam
566 610 653 680 atque
675 600 796 660 mediam
811 601 841 659 iu
864 607 927 659 toto
945 608 1064 677 terram,

31 684 240 762 scandemqne
262 687 399 744 universo
423 684 569 744 cardinem
591 694 669 745 stare
691 683 883 762 pendentem,
910 682 1064 743 librantem

58 786 114 848 per
134 784 210 847 quae
232 768 375 846 pendeat,
397 770 438 828 ita
456 768 547 828 solam
571 767 738 828 inmobilem
761 768 838 826 cirea
859 783 922 825 eam
943 764 1063 824 volubili

58 851 269 928 universitate,
293 851 472 929 eandemque
493 869 532 911 ex
553 851 684 912 omuibus
701 852 778 911 necti
801 851 953 927 eidemque
969 851 1064 909 omnia

58 934 153 994 inniti.
185 930 213 995 6.
230 932 310 996 luter
323 933 396 994 banc
407 934 577 1013 caelumque
594 935 698 996 eodem
712 935 816 1014 spiritu
830 933 959 1012 pendent
974 935 1062 993 certis
1075 937 1104 984 12

60 1018 188 1078 discreta
205 1020 308 1095 spatiis
328 1027 441 1095 septem
462 1019 560 1080 sidera
577 1037 651 1097 quae
669 1019 705 1079 ab
726 1020 844 1079 incessu
863 1033 998 1077 vocamus
1020 1034 1065 1076 er·

22 1101 170 1176 rorantia,
193 1118 256 1159 cum
275 1111 374 1162 errent
395 1102 471 1162 nulla
486 1104 578 1162 miuus
596 1103 664 1163 illis.
696 1101 805 1163 Eorum
818 1101 928 1162 medius
947 1099 993 1161 sol
1007 1100 1065 1160 ier·

60 1193 107 1244 tur
121 1181 296 1261 amplissima
307 1185 502 1260 magnitudine
515 1203 548 1246 ac
560 1194 718 1264 potestate,
735 1205 790 1247 nec
805 1194 967 1264 temporum
977 1183 1064 1244 modo

60 1276 263 1343 terrarumque
290 1265 343 1327 sed
370 1266 496 1327 siderum
523 1270 608 1328 etiarn
637 1272 766 1348 ipsorum
794 1269 927 1347 caelique
954 1276 1063 1329 rector.

60 1349 143 1409 Hunc
167 1367 236 1408 esse
258 1349 354 1410 mundi
379 1352 467 1409 totius
489 1351 611 1409 animum
633 1370 667 1412 ac
687 1352 799 1429 planius
821 1362 963 1428 mentem,
989 1351 1064 1411 huuc
1075 1362 1105 1412 13

59 1431 221 1511 principale
244 1442 362 1493 naturae
389 1437 521 1510 regimen
541 1450 574 1492 ac
595 1453 699 1494 nunren
721 1435 843 1495 credere
866 1433 952 1494 decet
973 1452 1064 1511 opera

23 1538 45 1578 ra
61 1517 126 1577 eins
141 1516 339 1577 aestimantes.
370 1517 417 1576 bie
433 1517 526 1576 lucem
541 1516 629 1576 rebus
646 1519 788 1577 ministrat
808 1517 961 1594 aufertque
984 1525 1064 1576 tene-

57 1599 141 1680 bras,
157 1597 205 1657 bic
217 1599 330 1677 reliqua
345 1600 442 1660 sidera
454 1600 579 1660 occultat
590 1601 734 1677 inlustrat,
749 1600 797 1659 lrie
810 1602 890 1659 vices
904 1608 1064 1676 temporum

61 1699 222 1759 annumque
249 1701 367 1762 semper
393 1693 594 1744 renascentem
622 1702 660 1743 ex
682 1702 735 1743 usu
762 1691 881 1743 naturae
910 1690 1064 1760 temperat,

60 1765 106 1825 laic
122 1763 198 1824 caeli
222 1767 367 1826 tristitiam
383 1766 500 1826 discutit
522 1775 608 1845 etque
632 1769 717 1827 etiam
732 1767 844 1827 humaui
867 1765 963 1824 nubila
979 1767 1064 1824 animi

56 1855 198 1924 serenat,
221 1847 269 1908 bic
291 1868 373 1909 suum
394 1849 491 1910 lumen
511 1852 618 1910 ceteris
635 1867 751 1929 quoque
774 1849 919 1909 sideribus
938 1850 1064 1933 fenerat,

23 1954 45 1995 ao
61 1931 248 2011 praeclarus,
265 1934 404 2009 eximius,
425 1934 518 1993 omnia
533 1935 664 2009 intuens,
682 1935 775 1993 omnia
790 1933 877 1992 etiam
894 1931 1064 2008 exaudiens,

60 2022 92 2075 ut
106 2015 233 2094 principi
249 2015 409 2076 litterarum
423 2015 550 2076 llomero
567 2015 711 2094 placuisse
727 2018 757 2075 in
770 2034 827 2076 uno
844 2034 881 2077 eo
897 2017 993 2076 video.

121 2096 153 2159 t.
177 2098 191 2175 (
213 2097 237 2173 .)
263 2095 449 2177 Quapropter
466 2100 593 2177 effigiem
611 2100 658 2160 dei
672 2101 850 2178 formamque
866 2117 1009 2178 quaerere
1024 2101 1106 2159 inat

58 2180 231 2241 becillitatis
251 2180 391 2243 humanae
409 2200 488 2243 reor.
526 2180 663 2261 Quisquis
685 2193 731 2244 est
752 2183 840 2260 deus,
860 2185 885 2243 si
906 2183 993 2244 modo
1018 2191 1065 2244 est

57 2262 142 2341 alius,
162 2271 193 2324 et
204 2281 384 2344 quacumque
399 2266 428 2324 in
440 2274 542 2344 parte,
558 2274 636 2326 totus
652 2265 699 2327 est
711 2285 845 2342 seusuus,
861 2275 939 2327 totus
953 2269 1063 2343 visuus,

22 2361 43 2403 aa
60 2353 140 2405 totus
151 2346 297 2425 audituus,
311 2356 389 2409 totus
402 2351 524 2426 animae,
536 2358 614 2409 totus
626 2351 721 2426 animi,
735 2358 813 2408 totus
822 2351 875 2408 sui.
893 2348 1063 2408 Innumeros

59 2429 176 2506 quidem
198 2430 322 2491 credere
341 2441 431 2511 atque
451 2432 536 2491 etiam
559 2449 597 2492 ex
619 2433 698 2490 vitiis
717 2432 878 2505 bominum,
901 2439 931 2490 ut
953 2430 1064 2489 Pudici-

58 2512 141 2589 tiam,
163 2510 373 2590 Concordiam,
396 2514 543 2589 Mentem,
565 2514 670 2592 Spem,
685 2512 849 2589 Honorem,
865 2511 1063 2589 Clementiam,

56 2592 176 2672 bitem,
199 2604 247 2655 aut
264 2596 311 2674 (ut
325 2597 497 2658 Democrito
512 2597 634 2676 placuit)
650 2597 722 2656 duos
740 2598 869 2674 omniuo,
891 2596 1019 2657 Poenam
1034 2604 1064 2657 et

56 2676 252 2756 beneficium,
266 2683 405 2741 maiorem
420 2683 455 2743 ad
471 2681 634 2742 socordiam
648 2681 770 2743 accedit.
794 2679 920 2759 Fragilis
936 2689 966 2740 et
981 2680 1105 2742 labo-16

22 2776 43 2818 a
57 2762 136 2823 riosa
149 2762 311 2823 mortalitas
324 2765 353 2824 in
365 2776 466 2843 partes
477 2768 532 2827 ista
545 2767 667 2842 digessit
678 2766 849 2826 infirmitatis
859 2783 930 2827 suae
940 2783 1061 2842 memor,

56 2851 88 2903 ut
102 2846 288 2924 portionibus
306 2846 420 2908 coleret
436 2852 559 2928 quisque
576 2868 632 2928 quo
648 2851 770 2911 maxime
785 2850 940 2926 ludigeret.
964 2851 1063 2927 itaque

10 2942 12 2951 ·
56 2929 172 2988 nomina
187 2928 243 2988 alia
259 2929 324 2989 aliis
346 2931 484 3007 gentibus
504 2941 534 2993 et
550 2935 663 2994 numina
682 2933 711 2992 in
727 2936 828 2995 iisdem
844 2931 1063 2993 innumerabilia

56 3010 237 3089 invenimus,
259 3013 362 3073 inieris
389 3031 505 3092 quoque
527 3017 557 3074 iu
578 3032 689 3091 genera
705 3018 869 3096 discriptis,
891 3014 1062 3092 morbisque

26 3108 31 3119 ·
56 3101 87 3155 et
99 3092 198 3155 multis
214 3097 301 3156 etiam
316 3098 462 3174 pestibus,
483 3097 548 3157 dum
564 3117 631 3158 esse
647 3098 774 3177 placatas
789 3097 904 3177 trepido
920 3104 999 3157 metu
1014 3114 1071 3177 cns

20 3190 41 3234 tt
56 3179 160 3257 pimus.
192 3177 319 3258 ideoque
340 3181 426 3240 etiam
443 3181 560 3260 publice
575 3180 680 3242 Febris
694 3182 789 3242 sanum
808 3183 838 3241 iu
855 3179 967 3240 Palatio
983 3179 1062 3240 dica·
1072 3180 1104 3238 1'6

56 3268 114 3321 tum
131 3270 196 3340 est,
221 3260 358 3324 Orbonae
379 3265 414 3325 ad
437 3263 538 3324 aedem
556 3262 658 3324 barum
678 3272 707 3323 et
727 3283 776 3326 ara
797 3263 891 3324 blalae
914 3262 1061 3323 Fortunae

54 3342 207 3423 Esquiliis.
249 3348 436 3425 quamobrem
458 3349 549 3408 maior
572 3346 707 3409 caelitum
726 3346 851 3426 populus
875 3348 959 3406 etiam
979 3363 1061 3425 quarn

54 3426 201 3499 hominum
220 3430 355 3509 intellegi
370 3439 485 3510 potest,
508 3450 570 3491 eum
586 3431 693 3508 singuli
708 3448 830 3576 quoqu}
841 3449 879 3552 qu
893 3431 1060 3508 semetipsis

366 3664 370 3673 ·
396 3638 437 3691 ’ἡ
