2400 3856
111 174 172 238 192
462 186 491 236 c.
511 187 606 233 amm
625 186 776 236 sactum

111 354 141 404 et
164 343 280 402 easdem
304 344 397 420 g²gnit
417 343 577 402 animantes
600 341 760 418 iisdemque
783 340 965 418 temporibus
986 342 1132 419 augescit.

112 430 204 486 oritur
223 429 299 486 inter
319 425 486 485 Tarraelios
504 424 667 503 Aethiopas
690 432 720 484 et
738 423 923 485 Oechalicas.
953 424 1058 484 horum
1080 442 1131 504 op·

111 511 206 589 pidum
222 508 356 588 Magium.
383 510 497 587 quidam
510 508 714 569 solitudinibus
727 509 977 586 interposuerunt,
992 506 1130 570 Atlantas

111 612 222 672 eosque
239 596 318 653 iuxta
334 593 503 672 Aegipanas
521 593 676 653 semiferos
699 600 729 652 et
749 592 913 667 Blemmyas
935 600 967 650 et
988 589 1130 671 Gampha-

112 688 208 738 santas
225 687 255 737 et
271 677 392 754 Satyros
409 686 439 736 et
455 676 692 755 Himantopodas.
725 675 861 735 Atlantes
878 674 1046 752 degeneres
1062 683 1157 736 suutt

62 768 94 818 tt
111 762 223 821 humani
246 762 354 836 rituus,
383 761 407 819 si
429 762 581 821 credimus.
623 778 686 820 nam
709 778 806 837 neque
833 760 976 819 nominum
1002 758 1129 820 ullorum

113 848 189 905 inter
205 848 286 924 ipsos
302 844 460 923 appellatio
478 852 540 920 est,
565 852 595 902 et
616 843 709 903 solem
728 844 870 903 orientem
886 841 1130 923 occidentemque

113 930 174 989 dira
191 930 392 1007 inprecatione
408 935 582 987 contuentur
598 936 629 985 ut
649 927 796 987 exitialem
812 928 885 1005 ipsis
904 928 1064 1004 agrisque,
1079 946 1129 988 na·

113 1032 169 1091 que
191 1015 220 1072 in
242 1030 343 1072 somno
369 1013 466 1070 visunt
488 1009 581 1087 qualia
611 1010 715 1088 reliqui
740 1010 890 1071 mortales.
936 1008 1128 1087 Trogodytae

113 1116 237 1175 specuus
251 1103 403 1155 excavant.
429 1093 482 1153 hae
495 1093 553 1153 lllis
566 1093 696 1170 domuus,
712 1096 806 1155 victus
820 1094 999 1173 serpentium
1011 1112 1127 1172 carnes,
1140 1105 1162 1147 1⁰

113 1180 298 1256 stridorque,
317 1196 374 1238 non
390 1195 458 1237 vox.
482 1178 555 1238 adeo
571 1180 715 1238 sermonis
734 1179 909 1239 commercio
927 1186 1038 1238 carent.
1074 1176 1127 1239 Ga-

111 1271 255 1323 ramantes
268 1264 513 1321 matrimoniorum
524 1271 660 1322 exsortes
674 1264 782 1340 passim
798 1279 860 1321 oum
875 1262 990 1321 leminis
1007 1262 1126 1341 degunt.

112 1347 237 1422 Augilae
261 1345 372 1405 inferos
394 1355 500 1406 tantum
527 1346 636 1407 colunt.
667 1344 894 1425 Gamphasantes
911 1343 977 1405 nudi
996 1346 1127 1423 proelio·

60 1432 94 1483 to
112 1448 232 1507 rumque
249 1439 389 1508 expertes
405 1430 474 1490 nulli
494 1438 616 1491 externo
637 1437 864 1508 congregantur.
895 1428 1053 1505 Blemmyis
1071 1440 1126 1491 tra·

112 1514 216 1573 duntur
240 1516 333 1592 capita
356 1515 462 1574 abesse
488 1532 540 1573 ore
563 1522 593 1574 et
613 1515 705 1575 oculis
729 1516 842 1592 pectori
859 1514 971 1574 adlixis.
1011 1512 1127 1590 Satyris
1141 1522 1163 1564 14

112 1607 230 1677 praeter
248 1600 368 1674 liguram
383 1597 452 1657 nihil
465 1598 555 1658 moris
572 1597 693 1657 humani.
727 1598 908 1676 Aegipanum
925 1596 1020 1675 qualis
1036 1596 1126 1677 vulgo

113 1682 360 1760 pingiturlorma.
393 1680 621 1761 Himantopodes
637 1681 788 1760 loripedes
805 1680 917 1759 quidam
938 1680 1043 1757 quibus
1064 1700 1126 1741 ser·

111 1765 208 1843 pendo
225 1766 337 1842 ingredi
354 1775 454 1826 natura
470 1767 518 1825 sit.
546 1765 688 1843 Pharusii,
704 1765 846 1843 quondam
862 1764 982 1838 Persae,
1001 1767 1126 1825 comites

111 1851 202 1909 luisse
226 1851 359 1910 dicuntur
380 1848 513 1909 Herculis
539 1851 574 1910 ad
595 1849 775 1929 Hesperidas
801 1849 957 1908 tendentis.
1002 1846 1068 1908 Nec
1090 1848 1125 1909 de

112 1935 214 1994 Alrica
231 1934 314 2011 plura
330 1952 403 2011 quae
417 1943 614 1994 memorentur
632 1941 793 1993 occurrunt.
1137 1942 1159 1983 tt

61 2029 93 2079 47
181 2015 209 2077 9.
228 2016 288 2096 (9.)
303 2016 453 2077 Adhaeret
468 2019 552 2094 Asia,
574 2037 657 2095 quam
673 2027 775 2095 patere
790 2036 806 2077 a
823 2015 974 2096 Canopico
992 2018 1073 2078 ostio
1090 2016 1126 2077 ad

112 2099 195 2159 Ponti
216 2103 320 2158 ostium
337 2099 541 2160 Timosthenes
555 2104 658 2183 tx—x'vdl
673 2099 828 2162 XXXVlll
841 2099 871 2159 Μ
887 2118 1022 2179 passuum
1039 2101 1125 2160 tradi-

112 2183 164 2259 dit,
177 2183 212 2242 ah
230 2201 281 2242 ore
296 2191 391 2242 autem
403 2183 487 2243 Ponti
506 2183 542 2243 ad
558 2202 591 2243 os
604 2183 729 2244 lllaeotis
742 2184 955 2246 Eratosthenes
966 2186 1035 2265 Ιῑῆ
1046 2183 1125 2244 XLV

111 2266 140 2325 Μ
152 2285 241 2344 pass,
254 2269 416 2326 universam
430 2285 503 2327 vero
515 2287 577 2327 cum
590 2269 730 2346 Aegypto
742 2270 777 2329 ad
790 2268 907 2329 Tanaim
918 2266 1124 2328 Artemidorus

112 2360 142 2410 ct
160 2351 288 2410 Isidorus
304 2353 366 2434 {le1
388 2351 428 2410 111
449 2350 479 2410 Μ
504 2349 602 2412 Dect
625 2371 702 2431 pass.
736 2352 827 2412 illaria
843 2354 906 2412 eius
924 2352 1067 2429 conplura
1088 2350 1158 2413 ab!

60 2439 94 2489 48
111 2436 219 2495 accolis
236 2445 352 2496 traxere
368 2437 500 2513 nomina,
523 2455 613 2515 quare
637 2436 721 2497 simul
745 2436 953 2497 indicabuntur.
989 2434 1126 2496 Proxima

111 2518 230 2580 Alricae
247 2519 383 2580 incolitur
397 2518 570 2599 Aegyptus,
592 2522 735 2581 introrsus
749 2520 785 2580 ad
798 2520 947 2580 meridiem
965 2520 1124 2596 recedens,

112 2604 206 2662 donec
235 2623 251 2662 a
282 2614 368 2680 tergo
395 2604 621 2683 praetendantur
647 2604 820 2683 Aethiopes.
860 2603 1035 2664 Inferiorem
1063 2606 1124 2664 eius

112 2695 224 2763 partem
235 2686 317 2746 Nilus
336 2687 457 2746 dextera
477 2688 619 2765 laevaque
638 2689 747 2748 divisus
767 2688 901 2767 amplexu
913 2705 967 2748 suo
987 2687 1125 2748 determi-

111 2777 175 2846 nat,
194 2766 343 2846 Ganopico
361 2773 438 2830 ostio
454 2770 490 2831 ah
505 2771 623 2849 Africa,
645 2771 681 2831 ah
698 2771 770 2832 Asia
784 2772 951 2850 Pelusiaco,
975 2768 1081 2832 clxx
1097 2770 1159 2832 tta

112 2871 253 2929 passuum·
267 2853 433 2913 intervallo.
480 2851 571 2925 Quam
592 2856 630 2916 oh
647 2874 762 2916 causam
783 2858 859 2917 inter
878 2855 986 2917 insulas
1008 2856 1126 2934 quidam

111 2937 277 3015 Aegyptum
297 2938 439 3015 retulere,
459 2940 499 2999 ita
517 2958 550 2999 se
566 2941 692 3001 findente
710 2938 777 3000 Nilo
793 2950 824 2999 ut
841 2943 1010 3019 triquetram
1025 2948 1125 3001 terrae

112 3022 230 3098 liguram
257 3021 375 3082 alliciat.
419 3023 543 3102 ideoque
570 3025 650 3084 multi
677 3023 807 3085 Graecae
833 3024 951 3085 litterae
976 3024 1125 3085 vocabulo

110 3104 195 3165 Delta
210 3106 398 3186 appellavere
414 3107 588 3186 Aegyptum.
616 3107 752 3168 Mensura
767 3107 802 3169 ah
818 3110 929 3170 unitate
941 3108 1029 3184 alvei,
1047 3110 1125 3170 unde

111 3209 143 3249 se
159 3193 278 3267 primum
297 3192 378 3251 lindit
397 3194 427 3252 in
445 3193 554 3269 latera,
570 3192 604 3252 ad
621 3189 797 3271 Canopicum
819 3194 924 3252 ostium
946 3190 1062 3252 CXLVI
1084 3192 1125 3268 M,
1137 3204 1161 3245 tt

110 3272 145 3332 ad
160 3274 341 3336 Pelusiacum
361 3274 478 3335 CLXVI
500 3275 530 3335 Μ
550 3285 605 3335 est.
641 3294 749 3336 summa
770 3294 837 3355 pars
860 3277 1042 3337 contermina
1063 3277 1143 3337 Aa.

58 3362 92 3412 to
110 3357 239 3436 thiopiae
255 3357 381 3427 Thebais
397 3368 529 3419 vocatur.
567 3359 711 3420 Dividitur
730 3362 759 3420 in
776 3361 976 3439 praefecturas
998 3360 1125 3439 oppido·

109 3458 170 3498 rum
191 3459 261 3531 quas
285 3459 387 3502 nomos
412 3450 534 3502 vocant:
562 3441 713 3522 Omhiten,
741 3443 1023 3525 Apollonopolitan,
1049 3442 1126 3506 Her·
