2400 3856
100 149 143 217 16
448 165 479 215 c.
501 166 600 212 surm
622 164 771 212 sucorum

100 324 145 384 De
162 321 269 383 cervis.
303 320 375 402 (51)
395 321 431 382 de
448 320 678 382 chamaeleonte.
706 317 777 398 (52)
793 320 828 380 de
844 320 967 400 reliquis
984 323 1118 384 colorem

102 408 288 484 mutantibus,
304 406 451 483 tarandro,
468 405 603 481 lycaone,
621 404 700 464 thoe.
728 403 799 483 (53)
818 404 853 464 dc
870 405 1011 480 hystrice.
1041 406 1116 486 (54)

100 491 139 550 de
161 493 247 550 ursis.
281 491 316 550 dc
341 492 401 550 ictu
424 508 532 549 eorum.
570 485 642 566 (55)
660 488 695 548 de
717 490 845 547 muribus
864 489 993 551 Ponticis
1016 501 1048 551 et
1067 492 1118 552 Al·

102 576 189 654 pinis.
231 572 301 653 (56)
325 575 361 635 de
384 575 537 634 irenaceis.
584 571 656 652 (57)
682 574 718 632 de
741 572 953 650 leontophono.
990 573 1116 650 Lynces.

21 686 24 691 ·
103 657 314 739 (baptistes,
348 661 445 718 sciuri.
489 653 561 737 (59)
587 657 630 717 Dc
657 657 777 716 cocleis.
821 655 894 736 (60)
922 657 958 717 de
984 659 1143 726 lacertisa'

103 741 270 823 (61-63)
297 740 406 802 Canum
431 749 531 801 natura
561 734 718 824 (exempla
744 758 845 800 eorum
872 743 949 801 circa
974 742 1116 804 dominos.

104 829 152 906 qui
175 828 356 906 proeliorum
376 845 462 886 causa
483 843 570 885 canes
593 823 756 884 habuerint.
795 822 846 885 62.
868 825 1118 902 degeneratione

104 928 214 970 eorum.
254 909 301 972 63.
326 919 427 970 contra
446 910 557 968 rabiem
577 903 738 993 remedia).
773 906 944 988 (64-67)
967 909 1118 988 Equorum

103 1004 204 1054 natura
224 994 291 1074 (65.
314 994 351 1053 de
373 995 498 1069 ingeniis
522 1011 632 1052 eorum.
662 993 804 1051 mirabilia
821 994 1032 1070 quadrigarum.
1064 993 1116 1057 66.

102 1070 257 1156 generatio
276 1095 421 1154 equorum.
459 1075 508 1138 67.
526 1085 615 1135 vento
632 1073 866 1161 concipientes).
907 1075 980 1155 (68)
1002 1077 1047 1138 De
1064 1081 1155 1146 asi-re

103 1165 158 1221 nis.
188 1163 342 1238 generatio
364 1162 392 1219 16
415 1160 470 1221 his.
507 1158 580 1237 (69)
604 1159 744 1219 Hularum
766 1170 867 1219 natura
886 1169 916 1220 61
939 1162 1120 1239 reliquorum

103 1247 306 1304 iumentorum.
348 1242 414 1324 (70.
440 1243 496 1322 71)
524 1243 568 1303 Dc
597 1243 691 1302 bubus
718 1237 894 1328 (generatio
919 1262 1037 1323 eorum,
1066 1246 1118 1308 71.

104 1328 179 1407 Apis
199 1331 229 1387 in
247 1324 422 1414 Aegypto).
454 1325 623 1407 (72-75)
648 1328 790 1387 Pecorum
813 1337 914 1388 natura
941 1322 1119 1412 (generatio

104 1430 224 1489 eorum,
252 1411 303 1474 73,
318 1431 430 1490 genera
445 1413 529 1472 lanae
545 1420 575 1471 et
590 1411 733 1489 colorum,
760 1409 809 1474 74.
826 1431 937 1489 genera
957 1410 1117 1560 vestiumg.

104 1495 179 1576 (76)
199 1495 355 1576 Caprarum
370 1506 470 1557 natura
488 1505 518 1556 et
533 1498 705 1573 generatio,
738 1495 811 1575 (77)
828 1516 909 1555 suum
926 1498 1006 1557 item.
1041 1498 1077 1576 (7
1100 1500 1152 1578 )15

103 1580 148 1641 De
171 1583 243 1641 ieris
265 1583 364 1641 subus.
409 1579 480 1651 Quis
503 1583 611 1659 primus
636 1582 745 1639 vivaria
768 1581 927 1639 bestiarum
949 1583 1119 1642 instituerit.

104 1663 180 1744 (79)
208 1665 253 1725 De
279 1666 424 1725 semiferis
450 1665 628 1724 animalibus.
671 1661 744 1744 (80)
772 1663 817 1724 De
840 1667 940 1726 simiis.
975 1664 1049 1746 (81)
1074 1667 1119 1727 Dc

104 1749 238 1828 leporum
257 1750 428 1826 generibus.
466 1747 540 1828 (82)
558 1749 604 1808 De
625 1767 680 1808 nec
700 1747 821 1826 placidis
844 1767 899 1808 nec
920 1750 992 1808 ieris
1013 1753 1119 1810 anima·

29 1838 32 1843 '
104 1833 191 1894 libus.
235 1832 308 1913 (33)
337 1832 418 1904 Quae
452 1834 555 1909 quibus
584 1832 657 1892 locis
688 1832 820 1892 animalia
847 1851 905 1892 non
935 1836 1002 1893 siut.
1045 1833 1120 1912 (84.)

103 1916 161 1976 Ubi
188 1927 218 1977 et
246 1937 320 1995 quae
348 1917 467 1976 advenis
501 1924 608 1975 tautum
637 1925 779 1993 noceant,
809 1917 857 1975 ubi
885 1925 915 1975 et
942 1935 1016 1995 quae
1045 1919 1154 1985 iudi-oo

102 2003 190 2077 genis
216 2010 333 2059 tantum,
377 2000 507 2060 Summa:
534 2019 584 2060 res
612 2008 642 2059 et
666 2001 808 2060 historiae
835 2009 865 2060 et
891 2001 1119 2062 observationes

103 2081 356 2143 DCCLXXXVll.

165 2166 212 2224 Ex
232 2168 416 2226 auctoribus:
444 2167 595 2244 Muciano,
625 2167 772 2245 Procilio,
797 2167 906 2229 Verrio
929 2169 1055 2248 Flacco,
1083 2169 1117 2237 h.

104 2252 229 2329 Pisone,
253 2248 393 2311 Cornelio
416 2251 592 2329 Valeriano,
616 2249 728 2312 Catone
753 2256 908 2331 censorio,
934 2254 1117 2330 Fenestella,

104 2335 217 2413 Trogo,
235 2337 319 2413 actis,
339 2333 511 2413 Columella,
525 2335 672 2414 Vergilio,
688 2336 835 2412 Varrone,
854 2337 977 2412 Lucilio,
994 2338 1152 2403 lllctelloea

104 2420 262 2499 Scipione,
281 2417 420 2481 Cornelio
439 2420 545 2496 Celso,
562 2419 692 2498 Nigidio,
709 2421 818 2481 Trebio
832 2420 938 2498 Nigro,
955 2421 1118 2499 Pomponio

103 2504 201 2582 Mela,
221 2506 349 2566 Mamilio
365 2505 448 2570 Sura.
485 2505 641 2565 Externis:
662 2505 840 2582 luba‘rege,
862 2505 1005 2582 Polybio,
1024 2505 1119 2565 Hero·

104 2589 194 2665 doto,
216 2589 390 2667 Antipatro,
409 2590 595 2665 Aristotele,
610 2588 762 2649 Demetrio
778 2589 918 2668 physico,
935 2589 1117 2666 Democrito,

105 2671 327 2750 Theophrasto,
343 2672 492 2751 Euanthe,
517 2674 615 2751 Scopa
630 2675 677 2750 qui
696 2667 973 2752 Ὀλυμπιονίκας,
989 2672 1119 2734 Hierone

103 2773 189 2832 rege,
201 2755 299 2814 Attalo
315 2775 400 2832 rege,
413 2756 611 2816 Philometore
627 2776 712 2832 rege,
727 2754 836 2835 Ctesia,
847 2758 969 2833 Doride,
982 2757 1118 2835 Philisto,
1127 2783 1152 2824 ω

103 2838 249 2915 Archyta,
270 2839 450 2918 Phylarcho,
467 2839 661 2917 Amphilocbo
678 2840 851 2919 Athenaeo,
868 2843 1027 2920 Anaxipoli
1045 2841 1120 2902 Tha·

104 2925 162 3001 sio,
181 2922 367 3002 Apollodoro
383 2922 514 3002 Lemnio,
530 2924 727 3003 Aristophane
742 2924 871 3003 lllilesio,
888 2926 1040 3003 Antigono
1061 2924 1119 3001 Cy·

103 3025 207 3086 maen,
229 3007 394 3084 Agathocle
419 3006 509 3086 Chio,
531 3008 693 3086 Apollonio
713 3008 915 3086 Pergameno,
941 3010 1117 3070 Aristandro

104 3091 276 3170 Athenaeo,
297 3091 422 3152 Bacchio
440 3092 575 3170 Milesio,
600 3093 692 3153 Bione
712 3093 855 3170 Solense,
876 3090 1010 3154 Chaerea
1027 3093 1118 3154 Athe·

47 3200 50 3205 ·
103 3193 191 3253 naeo,
206 3177 337 3237 Diodoro
348 3176 503 3254 Prienaee,
520 3177 616 3238 Dione
630 3175 828 3256 Colophonio,
841 3178 976 3256 Epigene
988 3178 1116 3253 Rhodio,
1126 3198 1151 3242 so

103 3257 245 3337 Euagoue
256 3261 374 3338 Thasio,
387 3262 557 3340 Euphronio
569 3263 736 3339 Athenaeo,
748 3260 876 3341 Hegesia
888 3261 1042 3337 Maroneo,
1056 3260 1118 3322 lde·

103 3345 220 3404 naudris
231 3346 376 3406 Prienaee
389 3357 418 3407 et
428 3347 617 3424 Heracleote,
633 3346 801 3407 Menecrate
815 3356 914 3424 poeta,
930 3345 1116 3407 Androtione

98 3429 153 3506 qui
170 3428 206 3489 dc
222 3430 398 3506 agricultura
412 3433 547 3512 scripsit,
568 3431 753 3492 Aeschrione
768 3433 817 3510 qui
833 3434 919 3507 item,
942 3428 1117 3505 Lysimacho
