2400 3856
120 179 180 242 116
466 189 499 239 c.
520 189 616 237 nunu
639 186 788 236 suenum

117 348 245 408 siderum
263 346 407 406 elementa
422 342 614 420 cogentibus,
637 340 700 400 aliis
718 358 791 401 vero
809 339 1005 400 fundentibus.
1030 340 1127 402 sedin

117 429 248 490 dulcibus
263 431 346 506 aquis
361 427 445 488 lunae
461 427 625 487 alimentum
645 443 713 485 esse
731 425 806 484 sicut
822 424 851 483 in
865 425 982 484 marinis
1000 425 1083 488 solis.

74 521 125 573 224
190 510 259 573 102.
281 510 385 592 (105.)
414 509 596 571 Altissimum
619 526 699 569 mare
720 506 776 567 XV
799 507 957 568 stadiorum
980 507 1127 568 Fabianus

118 597 211 657 tradit.
251 596 298 655 alii
322 598 351 656 in
367 594 462 655 Ponto
488 612 525 655 ex
547 593 671 654 adverso
694 590 874 652 Coraxorum
892 594 989 671 gentis
1006 593 1127 671 (vocant

116 677 216 761 βαθέα
227 679 329 760 Ponti)
344 680 485 740 trecentis
500 680 565 739 fere
578 695 594 738 a
605 677 765 738 continenti
781 675 881 737 stadiis
893 679 1051 737 inmensam
1063 677 1149 741 alti-c

116 765 242 824 tudinem
259 765 345 825 maris
362 763 486 840 tradunt,
502 761 583 822 vadis
599 779 751 839 numquam
766 761 904 841 repertis.
936 758 1005 823 103.
1022 758 1126 840 (106.)

116 847 275 908 blirabilius
288 846 316 906 id
325 849 435 908 iaciunt
451 865 543 926 aquae
559 845 660 905 dulces
680 848 761 904 iuxta
780 863 859 905 mare
884 853 915 904 ut
936 845 1039 905 fistulis
1059 848 1128 905 emi·

118 940 227 993 cantes.
247 949 310 991 nam
322 949 378 992 nee
389 948 525 1008 aquarum
540 938 641 990 natura
651 928 798 989 miraculis
811 937 919 991 cessat.
933 928 1044 989 -Dulces
1056 931 1127 989 mari

117 1016 308 1092 invehuntur,
330 1014 461 1075 leviores
482 1013 672 1073 hauddubie.
707 1012 775 1072 ideo
798 1021 829 1074 et
843 1014 987 1091 marinae,
1009 1030 1128 1092 quarum

117 1107 218 1159 natura
239 1100 374 1175 gravior,
392 1098 484 1175 magis
506 1098 623 1158 invecta
642 1097 794 1157 sustinent.
836 1094 981 1167 Quaedam
1002 1115 1074 1157 vero
1097 1107 1127 1158 et
1136 1119 1162 1161 no

80 1176 88 1195 ⁸
118 1181 218 1241 dulces
234 1184 310 1242 inter
331 1200 365 1241 se
382 1189 568 1259 supermeant
583 1181 670 1258 alias,
691 1188 722 1239 ut
742 1181 772 1240 in
788 1180 899 1241 Fucino
915 1181 978 1241 lacn
993 1183 1126 1242 invectus

120 1267 220 1341 amnis,
236 1267 265 1325 in
279 1265 365 1324 Lario
383 1264 502 1343 Addua,
520 1266 550 1325 in
563 1265 720 1326 Verbanno
735 1263 863 1343 Ticinus,
880 1267 909 1324 in
923 1265 1039 1325 Bnnaco
1055 1264 1128 1325 lilin-

120 1351 192 1427 cius,
206 1351 235 1409 in
252 1349 381 1409 Sebinno
398 1348 503 1427 Ollius,
522 1350 551 1409 in
568 1348 714 1410 Lemanno
729 1347 904 1426 Rhodanus,
920 1349 966 1409 hio
981 1358 1059 1408 trans
1076 1348 1128 1408 Al-

119 1450 186 1510 pes,
205 1434 376 1512 snperiores
392 1435 421 1492 in
433 1432 527 1512 ltalia,
542 1433 694 1494 multorum
709 1432 817 1492 milium
829 1434 951 1492 transitu
963 1432 1127 1511 hospitales

119 1534 186 1576 suas
209 1525 317 1577 tantum
341 1536 396 1578 nec
422 1517 567 1594 largiores
593 1535 678 1596 qnam
699 1517 824 1598 intulere
841 1534 929 1594 aquas
953 1515 1161 1577 evehentesns

76 1609 127 1660 225
140 1601 284 1679 proditum
299 1601 356 1660 hoc
371 1609 402 1662 et
417 1601 446 1659 in
462 1599 573 1661 Oronte
585 1618 667 1661 amne
680 1601 784 1675 Syriae
796 1600 952 1679 multisque
964 1601 1039 1661 aliis.
1059 1598 1127 1671 Qui-

119 1686 181 1744 dam
197 1703 270 1744 vcro
286 1685 354 1745 odio
372 1686 458 1744 maris
474 1685 537 1762 ipsa
555 1684 681 1744 subeunt
696 1683 778 1761 vada,
796 1686 871 1744 sieut
886 1683 1045 1761 Arethusa,
1060 1685 1126 1744 fons

119 1768 316 1845 Syracusanus
332 1771 362 1830 in
379 1786 436 1848 quo
447 1768 605 1828 redduntur
620 1771 695 1828 iacta
707 1770 735 1827 in
747 1767 891 1846 Alpheum
904 1768 952 1847 qui
965 1786 1018 1846 per
1031 1766 1126 1843 Olym·

119 1853 306 1932 pinnituens
325 1848 577 1930 Peloponnesiaco
596 1852 676 1912 litori
691 1851 859 1913 infunditur.
886 1852 1017 1912 Subennt
1031 1859 1126 1911 terras

118 1955 279 2014 rursusque
304 1937 463 1998 redduntur
479 1935 574 2013 Lycus
598 1938 627 1996 in
648 1935 736 2014 Asia,
763 1933 902 1995 Erasinus
926 1937 954 1994 in
975 1935 1162 2012 Argolicam

120 2018 216 2096 Tigris
234 2022 264 2078 in
282 2018 509 2099 Mesopotamia,
534 2027 564 2080 et
585 2037 658 2096 quae
684 2022 714 2078 in
729 2017 886 2096 Aesculapi
902 2020 985 2079 ionte
1002 2018 1127 2079 Athenis

119 2119 215 2162 mersa
234 2112 302 2162 sunt
320 2105 350 2163 iu
367 2103 520 2164 Phalerico
537 2103 710 2180 redduntur,
728 2111 758 2163 et
774 2104 803 2162 iu
818 2101 937 2163 Atinate
953 2121 1054 2182 campo
1077 2103 1127 2163 llu-

119 2186 183 2244 vius
202 2203 315 2246 mersus
337 2195 405 2266 post
423 2185 479 2246 XX
493 2185 523 2245 Μ
539 2204 617 2264 pass.
637 2188 714 2264 exit,
736 2194 767 2246 et
787 2187 816 2244 iu
833 2185 1017 2265 Aquileiensi
1036 2187 1128 2247 'lima-

77 2276 129 2328 226
146 2287 208 2329 vus.
247 2268 326 2329 Nihil
345 2273 374 2330 in
389 2269 557 2347 Asphaltite
581 2269 707 2331 ludaeae
729 2269 792 2330 lacn
815 2272 863 2349 qui
884 2270 1013 2330 bitumen
1033 2273 1128 2348 gignit

64 2402 67 2407 .
118 2355 212 2430 mergi
228 2362 344 2432 potest,
368 2373 423 2415 nec
443 2356 473 2413 in
490 2353 646 2414 Armeniae
663 2355 781 2415 maioris
796 2352 932 2416 Aritissa.
971 2356 995 2414 is
1012 2357 1162 2433 quidemac

119 2439 247 2496 nitrosus
264 2439 362 2516 pisces
379 2439 438 2502 alit.
477 2438 510 2499 ln
525 2437 687 2499 Sallentino
703 2441 783 2499 iuxta
799 2437 935 2516 oppidum
949 2436 1128 2499 Manduriam

122 2521 200 2580 lacus
217 2521 251 2581 ad
266 2525 412 2600 margines
428 2522 532 2603 plenus
550 2540 646 2601 neque
662 2523 811 2582 exhaustis
828 2523 911 2600 aquis
925 2523 1062 2583 minuitur
1078 2542 1127 2582 ne-

120 2621 175 2680 que
201 2606 303 2665 iulusis
326 2616 457 2683 augetur.
494 2607 527 2667 ln
544 2605 681 2668 Ciconum
698 2606 813 2665 flumine
839 2614 868 2664 et
888 2607 918 2664 in
933 2605 1127 2666 Piceuo'laeu

118 2684 226 2744 Veliuo
243 2687 350 2762 lignum
365 2689 510 2750 deiectum
522 2691 638 2768 lapideo
654 2693 764 2749 cortice
781 2689 942 2766 obducitur,
956 2699 985 2749 et
999 2691 1028 2750 in
1041 2689 1126 2750 Surio

120 2766 268 2852 Colchidis
291 2768 406 2831 flumine
429 2774 503 2832 adeo
522 2781 555 2832 ut
575 2772 699 2850 lapidem
720 2772 891 2851 plerumque
915 2773 1019 2835 durans
1037 2774 1162 2834 adhucne

120 2853 233 2929 integat
252 2861 365 2912 cortex.
404 2855 538 2915 similiter
561 2857 591 2914 in
615 2854 729 2916 flumine
749 2856 843 2918 Silero
866 2856 940 2916 ultra
958 2858 1127 2917 Surrentum

120 2953 178 2996 non
196 2936 321 3014 virgulta
343 2936 429 2997 modo
444 2938 570 3001 inmersa
585 2957 684 3000 verum
706 2949 736 3000 et
750 2939 820 3001 folia
840 2939 1038 3019 lapidescunt,
1056 2942 1126 3001 alias

120 3021 229 3081 salubri
240 3029 312 3099 potu
324 3022 388 3081 eius
404 3039 505 3098 aquae.
538 3022 571 3083 ln
583 3025 664 3083 exitu
673 3024 785 3102 paludis
798 3023 940 3085 Reatinae
954 3043 1053 3085 saxum
1065 3044 1127 3085 cre·

120 3106 175 3164 scit
194 3106 238 3184 [et
253 3107 282 3165 in
298 3106 388 3166 rubro
398 3107 468 3167 mari
482 3105 567 3167 oleae
582 3109 773 3186 virentesque
788 3109 910 3168 frutices
927 3109 1125 3187 enascuntur].

77 3196 126 3245 ‘tat
146 3188 205 3249 Sed
228 3190 350 3249 fontium
370 3189 559 3268 plurimorum
581 3199 681 3253 natura
704 3193 776 3252 mira
801 3200 848 3252 est
873 3192 1010 3270 lervore,
1038 3193 1160 3268 idqueac

121 3274 207 3333 etiam
222 3275 251 3332 in
269 3274 345 3350 iugis
363 3273 495 3353 Alpium,
521 3275 647 3354 ipsoque
668 3277 802 3354 inmari,
824 3284 855 3336 ut
874 3277 951 3337 inter
964 3275 1074 3336 ltaliam
1096 3284 1126 3334 et

120 3357 275 3416 Aenariam
291 3360 364 3417 etin
380 3358 487 3419 Baiano
504 3360 584 3436 sinu,
603 3361 679 3418 etin
696 3359 754 3419 Liri
772 3359 858 3420 lluvio
874 3360 1028 3437 multisque
1051 3359 1125 3421 aliis.

120 3457 184 3499 nam
199 3440 289 3501 dulcis
306 3441 425 3503 haustus
442 3445 556 3504 inmari
573 3443 703 3522 plurimis
721 3444 812 3522 locis,
837 3453 868 3503 ut
889 3444 924 3505 ad
939 3440 1126 3504 Chelidonias
