2400 3856
299 181 382 230 unu.
398 182 489 232 nrsr.
506 183 544 230 11.
567 180 686 235 54-60.
703 173 857 251 (ιι-61.)
1065 171 1106 233 97

99 336 191 397 rentia
209 334 301 414 pulsis
324 354 397 414 quae
423 338 459 398 ab
486 355 594 398 occasu
617 346 707 398 erant.
741 339 837 418 Ipsum
861 340 966 400 ardere
993 339 1105 398 caelum

98 419 219 480 minime
238 421 338 480 mirum
354 430 399 480 est
415 431 444 481 et
461 423 578 501 saepius
593 422 684 481 visum
699 424 808 483 maiore
824 424 883 500 igni
895 421 1017 483 nubibus
1036 439 1104 482 con-

98 504 201 582 raptis,

162 584 212 646 58.
238 587 323 667 (aa)
351 586 511 648 Celebrant
530 587 634 649 Graeci
657 590 853 667 Anaxagoran
870 588 1084 650 Clazomenium
1097 597 1149 652 149

76 669 280 749 eOlympiadis
297 674 533 751 septuagesimae
549 682 671 734 octavae
686 674 815 734 secundo
831 691 905 734 anuo
923 674 1105 752 praedixisse

99 754 271 815 caelestium
294 755 454 816 litterarum
478 758 597 817 scientia
621 757 723 836 quibus
740 756 843 817 diebus
859 776 959 817 saxum
974 774 1107 817 casurum

99 847 181 898 esset
199 858 215 898 e
232 839 313 915 sole,
330 840 418 918 idque
435 841 542 901 factum
558 842 681 900 interdiu
696 842 724 899 in
741 841 883 901 Thraciae
899 850 981 919 parte
1000 840 1035 900 ad
1046 839 1105 898 Ae·

98 939 155 999 gos
170 923 276 983 llumen
304 925 353 1003 qul
368 924 444 1002 lapis
456 925 617 985 etiamnunc
629 925 790 985 ostenditur
800 925 994 1000 magnitudine
1009 923 1104 997 vehis,

100 1005 202 1065 colore
221 1007 323 1067 adusto
353 1017 467 1069 comete
484 1026 599 1087 quoque
617 1009 674 1068 illis
689 1008 823 1068 noctibus
839 1009 990 1086 flagrante.
1020 1005 1106 1080 Quod

64 1107 89 1147 ro
100 1089 124 1147 si
141 1090 206 1168 quis
221 1091 400 1168 praedictum
419 1093 530 1168 credat,
548 1093 631 1152 simul
647 1094 771 1153 fateatur
784 1111 911 1152 necesse
929 1101 974 1152 est
989 1090 1106 1149 maioris

97 1173 230 1234 miraculi
245 1174 420 1235 divinitatem
435 1175 631 1253 Anaxagorae
654 1177 762 1252 fuisse,
786 1177 920 1257 solvique
943 1193 1040 1255 rerum
1057 1191 1106 1232 na·

97 1268 180 1318 turae
197 1258 376 1319 intellectum
393 1268 422 1318 et
440 1260 576 1319 confundi
590 1261 694 1337 omnia,
712 1262 735 1319 si
752 1269 799 1320 aut
811 1262 876 1339 ipse
892 1260 937 1321 sol
949 1260 1024 1339 lapis
1037 1275 1105 1316 esse

99 1351 146 1402 aut
162 1360 295 1421 umquam
319 1343 445 1421 lapidem
462 1345 491 1401 in
514 1361 551 1402 eo
567 1344 657 1403 luisse
680 1344 824 1403 credatur.
853 1345 991 1404 decidere
1009 1353 1105 1401 tamen

98 1424 205 1485 crabro
222 1444 281 1485 non
295 1428 349 1485 erit
365 1425 489 1485 dubium.
513 1426 546 1486 ln
560 1426 656 1502 Abydi
672 1429 822 1505 gymnasio
836 1431 1148 1486 excusassem-150

62 1527 88 1569 aa
99 1509 165 1569 litur
180 1510 329 1588 hodieque
351 1510 483 1568 modicus
503 1510 619 1588 quidem
637 1511 688 1571 sed
706 1528 791 1588 quem
808 1510 835 1568 iu
851 1510 946 1569 media
963 1519 1105 1569 terrarum

98 1611 229 1653 casurum
250 1590 333 1653 idem'
351 1592 545 1669 Anaxagoras
569 1596 751 1673 praedixisse
777 1602 917 1653 narratur.
951 1593 1055 1652 colitur
1077 1600 1106 1649 et

98 1675 308 1753 Cassandriae,
329 1695 403 1755 quae
421 1677 561 1737 Potidaea
576 1680 699 1738 vocitata
719 1686 764 1736 est
782 1677 820 1736 ob
836 1677 864 1737 id
883 1676 1018 1737 deducta.
1047 1690 1103 1750 ego

96 1762 161 1839 ipse
179 1761 239 1821 vidi
258 1762 287 1819 in
303 1760 513 1820 Vocontiorum
529 1779 601 1838 agro
616 1761 702 1839 paulo
721 1770 787 1821 ante
803 1761 939 1820 delatum.

157 1845 197 1906 59
211 1842 295 1922 (60.)
312 1844 427 1905 Arcuus
440 1862 580 1905 vocamus
606 1854 686 1904 extra
707 1843 874 1905 miraculum
891 1849 1061 1920 trequentes
1076 1848 1105 1898 ct

60 1943 88 1984 ao
100 1936 183 1987 extra
199 1936 350 2000 ostentum,
370 1947 434 1990 nam
447 1947 483 1988 ne
496 1930 612 2008 pluvios
628 1929 743 2008 quidem
760 1937 807 1987 aut
822 1943 945 1988 serenos
961 1927 1024 2005 dies
1042 1941 1105 1982 cum

97 2012 155 2073 lide
172 2013 356 2090 portendunt.
378 2011 562 2073 Manifestum
579 2021 623 2072 est
639 2013 748 2072 radium
764 2011 836 2072 solis
852 2012 998 2071 inmissum
1015 2025 1106 2068 cavae

97 2095 165 2156 nubi
187 2095 305 2174 repulsa
328 2096 392 2156 acia
407 2097 435 2155 in
454 2097 547 2156 solem
566 2096 703 2173 refringi,
728 2095 917 2176 colorumque
934 2095 1106 2154 varietatem

97 2180 219 2239 mixtura
234 2179 360 2255 nubium,
378 2181 500 2257 ignium,
518 2182 595 2241 aeris
612 2181 685 2240 lleri.
728 2191 808 2242 certe
824 2182 878 2240 nisi
896 2180 961 2239 sole'
979 2177 1105 2238 adverso

97 2280 155 2322 non
168 2263 253 2338 liunt,
270 2281 326 2322 nec
341 2281 474 2341 umquam
488 2265 542 2323 nisi
559 2265 673 2323 dimidia
690 2263 792 2324 circuli
809 2264 916 2338 forma,
933 2280 989 2322 nec
1005 2268 1103 2332 noctu,

60 2363 87 2402 25
100 2347 231 2425 quamvis
247 2345 425 2404 Aristoteles
442 2347 546 2425 prodat
562 2347 716 2424 aliquando
732 2349 840 2420 visum,
858 2347 936 2423 quod
951 2355 1047 2404 tamen
1062 2341 1076 2399 f
1094 2371 1104 2382 ·

97 2439 173 2490 tetur
190 2429 267 2487 idem
283 2444 340 2485 non
356 2429 410 2486 nisi
424 2430 571 2488 tricesima
583 2428 650 2488 lurra
663 2446 764 2507 posse.
787 2429 869 2488 Fiunt
880 2437 975 2487 autem
988 2426 1082 2484 hieme
1096 2433 1147 2486 151

26 2557 29 2562 ·
94 2512 217 2572 maxime
247 2510 282 2569 ab
300 2511 486 2589 aequinoctio
504 2511 659 2571 autumnali
673 2509 722 2570 die
740 2512 944 2583 decrescente,
970 2524 1027 2587 quo
1043 2524 1105 2565 rur·

98 2612 148 2653 sus
166 2601 320 2656 crescente
340 2594 376 2653 ab
392 2594 578 2673 aequinoctio
594 2611 686 2654 verno
704 2611 762 2654 non
788 2595 934 2667 existunt,
953 2610 1009 2651 nec
1026 2591 1106 2649 circa

97 2677 251 2737 solstitium
267 2677 443 2755 longissimis
460 2676 581 2754 diebus,
598 2677 698 2738 bruma
709 2695 797 2752 vero,
814 2678 842 2737 id
855 2686 900 2736 cst
912 2675 1104 2748 brevissimis,

60 2780 87 2821 ao
96 2762 276 2840 frequenter.
305 2762 392 2822 iidem
413 2761 552 2822 sublimes
574 2761 671 2822 humili
693 2761 759 2822 sole
780 2760 960 2839 humilesque
978 2758 1103 2832 sublimi,

98 2855 126 2905 et
142 2847 270 2906 minores
287 2847 399 2906 oriente
419 2855 466 2907 aut
484 2847 650 2922 occidente,
667 2846 764 2906 sedin
781 2845 956 2905 latitudinem
972 2842 1103 2915 demissi,

97 2930 217 2988 meridie
237 2930 349 3006 exiles,
367 2946 466 2989 verum
485 2928 627 2988 ambituus
644 2930 771 2990 maioris.
804 2938 916 2989 aestate
939 2936 1034 2987 autem
1050 2940 1104 3001 per

96 3013 246 3073 meridiem
262 3031 320 3073 non
337 3023 501 3088 cernuntur,
518 3023 585 3092 post
601 3015 725 3075 autumni
741 3013 953 3091 aequinoctium
969 3024 1103 3087 quacum·

98 3114 154 3174 que
173 3094 255 3171 hora,
272 3115 328 3156 nec
344 3116 475 3176 umquam
492 3095 592 3175 plures
608 3097 691 3157 simul
709 3112 792 3175 quam
807 3097 874 3156 duo.

61 3201 88 3242 as
157 3180 241 3257 (61.)
261 3177 368 3240 Cetera
383 3181 513 3240 ciusdem
532 3189 650 3241 naturae
667 3198 724 3240 non
742 3179 835 3239 multis
852 3178 939 3238 dubia
958 3175 1148 3236 asseri-152

98 3263 165 3322 deo.
188 3263 237 3323 60.
255 3264 424 3340 grandinem
440 3263 624 3341 conglaciato
639 3262 731 3323 imbre
749 3263 828 3338 gigni
844 3270 873 3320 et
890 3262 985 3320 nivem
998 3258 1104 3318 eodem

97 3364 196 3423 umore
209 3346 324 3406 mollius
337 3357 451 3423 coacto,
468 3348 597 3426 pruinam
610 3357 705 3409 antem
718 3363 756 3404 ex
766 3361 832 3403 rore
845 3344 955 3422 gelido,
975 3360 1029 3420 per
1041 3342 1102 3400 hie·

98 3447 172 3488 mem
184 3430 268 3488 nives
282 3431 406 3506 eadere,
423 3449 481 3492 non
497 3433 669 3508 grandines,
689 3429 827 3506 ipsasque
841 3427 999 3504 grandines
1016 3427 1105 3485 inter-

182 3533 250 3571 anmr
269 3535 332 3572 nar.
351 3535 421 3573 msr.
452 3518 472 3575 l.
881 3513 900 3570 7
