2400 3856
119 161 181 226 114
467 173 497 223 c.
521 173 616 222 Purur
639 173 786 223 saeuum

74 340 125 391 215
143 329 297 409 lliultiplex
313 329 474 390 etiamnunc
486 329 594 388 lunaris
606 328 788 404 differentia,
801 329 980 406 primumque
996 326 1129 405 septenis

119 415 239 491 diebus,
255 415 363 492 quippe
377 413 482 473 modici
500 431 516 472 a
538 430 614 473 nova
633 412 668 473 ad
683 412 825 474 dividuam
841 421 960 472 aestuus
975 410 1128 488 pleniores

119 499 154 558 ab
177 516 210 558 ea
233 497 377 558 exundant
399 495 543 575 plenaqae
566 497 689 558 maxime
712 497 836 557 fervent.
873 495 941 555 iude
962 496 1128 568 mitescunt,

119 600 206 661 pares
221 583 256 642 ad
273 585 423 660 septimam
439 582 557 658 primis,
573 580 735 660 iterumque
760 581 817 640 alio
834 579 927 640 latere
951 578 1065 638 dividua
1081 596 1128 638 au·

120 674 232 744 gentur.
256 667 286 726 iu
302 667 380 726 coitu
400 665 471 726 solis
489 682 577 744 pares
593 664 707 743 plenae.
737 665 838 725 eadem
860 664 888 724 iu
903 663 1049 741 aquilonia
1066 670 1096 721 et
1113 680 1154 722 ae

119 752 207 811 terris
220 750 336 830 longius
350 749 510 810 recedente
521 749 653 809 mitiores
662 766 816 826 quamcum
827 751 857 808 iu
869 755 984 808 austros
994 746 1129 823 digressa

119 836 262 913 propiore
277 835 342 895 nisu
357 835 414 894 vim
433 851 511 894 suam
526 840 657 893 exercet.
695 850 750 910 per
766 842 890 892 octonos
906 849 1023 910 quoque
1038 848 1130 890 anuos

121 919 156 978 ad
170 920 311 997 principia
327 926 441 978 motuus
464 926 495 977 et
511 918 593 994 paria
609 918 786 977 incrementa
801 918 962 977 centesimo
979 914 1064 974 lunae
1082 932 1129 974 re·

121 1011 261 1062 vocantur
272 1001 379 1062 ambitu
391 1008 518 1078 augente
534 1018 569 1060 ea
584 1007 697 1078 cuneta,
711 1000 782 1061 solis
795 1001 896 1060 annuis
908 1000 1004 1060 causis
1018 997 1131 1058 duobus
1169 1011 1173 1017 ’

121 1086 314 1164 aequinoctiis
335 1085 457 1145 maxime
481 1092 642 1162 tumentes,
671 1093 702 1144 et
722 1084 876 1145 autumnali
901 1083 1021 1162 amplius
1047 1100 1169 1160 quamue

77 1177 130 1229 216
145 1187 255 1246 verno,
271 1170 371 1230 inanes
387 1184 460 1228 vero
477 1167 577 1229 bruma
593 1175 623 1229 et
637 1171 729 1246 magis
745 1168 883 1229 solstitio.
922 1185 975 1228 uec
989 1174 1086 1226 tamen
1102 1168 1131 1224 in

121 1254 194 1332 ipsis
213 1270 286 1330 quos
304 1252 362 1312 dixi
387 1261 549 1330 temporum
570 1252 715 1332 articulis,
735 1252 788 1313 sed
808 1254 907 1332 paucis
928 1259 997 1331 post
1013 1250 1130 1326 diebus,

121 1338 205 1397 sicuti
221 1354 317 1414 neque
332 1337 362 1397 in
376 1336 463 1415 plena
479 1345 527 1397 aut
543 1337 712 1416 novissima,
724 1337 777 1398 sed
791 1344 908 1415 postea,
924 1354 979 1396 uec
991 1335 1088 1394 statim
1099 1343 1131 1393 ut

122 1420 217 1481 lunam
230 1421 349 1482 muudus
366 1421 500 1482 ostendat
516 1421 682 1482 occultetve
705 1430 753 1482 aut
773 1421 867 1482 media
887 1420 973 1499 plaga
989 1419 1131 1494 declinet,

121 1522 222 1565 verum
232 1505 298 1566 iere
309 1504 419 1566 duabus
430 1504 511 1566 horis
524 1506 786 1584 aequinoctialibus
799 1507 905 1582 serius,
914 1504 1044 1565 tardiore
1055 1521 1131 1563 sem·
1141 1520 1166 1561 aa

121 1606 175 1667 per
194 1589 230 1650 ad
244 1599 338 1651 terras
357 1591 481 1649 omnium
498 1607 571 1667 quae
587 1598 728 1668 geruntur
742 1591 772 1649 iu
786 1589 869 1650 caelo
883 1588 989 1649 ellectu
1005 1586 1130 1647 cadente

78 1680 128 1732 217
142 1692 225 1752 quam
244 1675 320 1751 visu,
340 1675 425 1734 sicuti
441 1673 564 1752 fulguris
580 1682 610 1733 et
625 1676 770 1734 tonitruus
786 1681 816 1734 et
831 1673 986 1734 fulminum.
1022 1671 1131 1731 Omnes

122 1766 217 1817 autern
238 1767 356 1818 aestuus
380 1758 409 1816 in
433 1775 544 1818 oceano
566 1760 676 1818 maiora
699 1761 833 1835 integunt
854 1759 947 1838 spatia
965 1756 1130 1834 nudantque

121 1844 249 1921 quam'iu
270 1842 384 1920 reliquo
400 1843 487 1919 mari,
502 1843 565 1902 sive
584 1843 651 1921 quia
664 1843 695 1902 iu
711 1849 806 1901 totum
817 1843 1007 1901 universitate
1023 1841 1132 1900 animo-

121 1928 181 1986 sius
199 1944 282 2005 quam
302 1935 387 2004 parte
404 1935 467 2002 est,
484 1927 547 1986 sive
563 1929 629 2005 quia
650 1925 815 2003 magnitudo
833 1934 936 2004 aperta
950 1925 1057 1986 sideris
1072 1925 1166 1983 vimao

120 2009 186 2068 laxe
204 2012 365 2086 grassantis
381 2011 528 2070 efficacius
541 2011 642 2086 sentit,
661 2009 783 2070 eandem
797 2012 938 2088 angustiis
951 2008 1130 2070 arcentibus.

121 2110 175 2169 qua
193 2093 229 2152 de
247 2109 333 2153 causa
349 2112 405 2153 nec
422 2093 520 2153 lacuus
532 2111 588 2153 uec
599 2110 697 2153 amnes
710 2092 844 2154 similiter
859 2103 1021 2154 moventur.
1044 2101 1128 2152 octo·

120 2177 205 2253 genis
224 2175 330 2235 cubitis
348 2194 436 2254 supra
453 2176 628 2236 Britanniam
650 2180 846 2238 intumescere
869 2186 986 2238 aestuus
1002 2176 1130 2253 Pytheas

119 2257 313 2319 Massiliensis
334 2269 435 2320 auctor
451 2268 504 2323 est.
529 2269 560 2320 et
573 2261 715 2322 interiora
730 2270 825 2322 autem
844 2264 933 2322 maria
948 2263 1036 2322 terris
1053 2261 1131 2321 clau·

76 2350 128 2402 218
144 2344 249 2403 duntur
263 2352 295 2404 ut
309 2353 404 2422 portu.
423 2344 592 2424 quibusdam
607 2355 703 2406 tamen
717 2346 745 2405 iu
757 2346 829 2406 locis
847 2348 1005 2425 spatiosior
1023 2345 1128 2405 laxitas
1139 2359 1163 2400 as

120 2428 226 2488 dicioni
252 2437 351 2507 paret,
373 2436 475 2508 utpote
496 2448 558 2489 eum
580 2430 663 2510 plura
683 2430 816 2508 exempla
840 2433 898 2491 sint
920 2426 1128 2508 intranquille

119 2514 190 2572 mari
206 2512 345 2592 nulloque
363 2513 496 2574 velorum
513 2513 597 2593 pulsu
613 2516 702 2575 tertio
718 2514 764 2574 die
778 2533 816 2574 ex
827 2514 910 2576 ltalia
923 2523 1130 2593 pervectorum
1192 2506 1196 2513 “

119 2593 231 2654 Uticam
247 2605 331 2657 aestu
342 2598 487 2657 fervente.
511 2596 594 2659 Circa
607 2599 694 2659 litora
710 2606 805 2658 autem
819 2600 910 2678 magis
925 2616 1009 2677 quam
1023 2600 1053 2657 iu
1069 2597 1128 2657 alto

119 2678 376 2755 deprehenduntur
396 2681 425 2741 bi
445 2690 577 2758 motuus,
593 2684 728 2762 quoniam
751 2691 780 2742 et
798 2684 828 2742 in
850 2701 977 2763 corpore
997 2691 1129 2743 extrema

118 2759 232 2839 pulsum
243 2779 392 2839 venarum,
402 2765 431 2823 id
445 2775 492 2825 est
505 2765 656 2842 spirituus,
668 2766 760 2843 magis
774 2770 910 2828 sentiunt.
931 2769 960 2827 in
976 2766 1128 2846 plerisque
1137 2789 1162 2829 ao

119 2853 215 2905 tamen
231 2847 386 2906 aestuariis
407 2856 531 2927 propter
548 2847 681 2927 dispares
696 2849 824 2911 siderum
846 2854 876 2912 iu
888 2860 1013 2931 'quoque
1035 2858 1128 2910 tractu

119 2939 260 2991 exortuus
277 2928 385 2990 diversi
417 2933 547 2991 existunt
560 2941 678 2994 aestuus
695 2942 840 3016 tempore,
856 2954 914 2997 nou
930 2937 1056 3011 ratione,
1073 2935 1128 2995 dis·

118 3015 241 3093 cordes,
260 3015 333 3074 sicut
348 3017 377 3074 iu
391 3014 535 3092 Syrtibus.

73 3105 126 3157 219
192 3096 295 3179 (100.)
323 3098 361 3159 Et
384 3100 562 3178 quorundam
582 3111 676 3165 tamen
700 3107 812 3184 privata
832 3115 933 3167 natura
956 3114 1020 3184 est,
1046 3104 1129 3165 velut

120 3183 353 3244 Tauromenitani
378 3187 472 3264 euripi
495 3189 613 3265 saepius
637 3198 667 3249 et
683 3190 712 3249 in
727 3189 851 3251 Euboea
872 3192 1004 3270 septiens
1026 3189 1074 3249 die
1096 3205 1158 3249 acac

118 3276 205 3327 nocte
221 3270 443 3347 reciprocantis.
480 3270 557 3330 idem
572 3282 670 3333 aestus
692 3275 787 3335 triduo
809 3282 958 3335 inmense
980 3275 1127 3349 consistit,

115 3353 242 3427 septima
263 3361 365 3413 octava
381 3372 514 3433 nouaque
536 3356 609 3416 luna.
649 3356 773 3419 Gadibus
791 3362 838 3438 qui
855 3368 901 3419 est
917 3358 1040 3420 delubro
1056 3355 1128 3416 ller-

116 3432 190 3494 culis
207 3438 356 3512 proximus
373 3438 438 3498 ions
456 3439 583 3502 inclusus
601 3441 636 3502 ad
651 3445 731 3521 putei
746 3444 860 3505 modum
878 3442 949 3504 alias
965 3441 1049 3503 simul
1065 3457 1127 3500 cum
1190 3496 1196 3519 -.
