2400 3856
352 172 433 219 unu.
449 172 539 220 mss.
555 174 593 219 11.
615 169 717 222 9-12.
735 159 851 239 (6—9.)
1083 158 1123 220 73

116 327 213 388 omnia
235 343 271 385 ac
302 323 422 386 diurnae
447 324 520 385 lucis
546 324 642 403 plena.
689 324 806 385 anobis
828 334 922 385 autem
937 336 1123 405 pernoctem

118 417 277 472 cernuntur
296 409 393 470 sidera
414 418 445 468 ut
466 410 579 488 reliqna
598 409 704 468 lumina
726 426 744 466 e
766 409 912 484 tenebris,
947 419 976 470 et
1001 421 1123 490 propter

116 495 171 556 bas
188 509 293 554 causas
309 502 453 552 nocturno
469 502 601 570 tempore
620 492 718 552 delicit
733 491 809 552 luna.
839 496 905 553 stati
924 504 1019 554 antem
1034 505 1122 573 atque

115 577 257 639 menstrui
268 591 326 636 uon
338 575 809 655 suntutriquedeiectuuspropter
822 576 1022 657 obliquitatem
1034 580 1121 655 signi-

94 663 172 723 sferi
188 661 333 740 lunaeque
346 661 537 736 multivagos,
553 668 584 719 ut
601 658 708 718 dictum
725 657 917 734 est,dexnus,
931 677 988 720 non
1003 678 1155 739 sempera

115 749 145 806 in
162 745 299 824 scripulis
315 745 436 822 partium
453 752 633 821 congruente
649 742 776 802 siderum
794 752 882 804 motu.

182 831 230 889 11.
250 826 313 909 (8.)
331 827 412 888 Haec
430 828 503 889 ratio
515 824 654 887 mortales
671 827 782 887 animos
804 826 937 887 subducit
953 828 981 886 in
999 826 1120 902 caelum,
1131 839 1167 894 49

115 932 152 975 ac
168 912 251 973 velut
270 911 337 972 inde
360 910 621 990 contemplantibus
641 912 726 970 trium
756 912 946 971 maximarum
961 928 1057 969 rerum
1074 929 1122 970 na-

115 1007 200 1058 turae
216 997 340 1074 partium
358 995 581 1072 magnitudinem
597 995 717 1072 detegit.
734 1010 792 1054 non
807 1003 910 1074 posset
925 995 1033 1073 quippe
1046 1003 1123 1053 totus

83 1095 106 1137 ro
119 1081 166 1141 sol
177 1080 268 1140 'adimi
283 1080 369 1141 terris
385 1079 584 1138 intercedente
601 1079 677 1153 luna,
697 1080 722 1137 si
737 1087 816 1139 terra
836 1080 927 1139 maior
943 1087 1025 1138 esset
1040 1096 1125 1158 quam

116 1164 194 1224 luna.
221 1165 307 1223 tertia
333 1180 371 1221 ex
392 1171 517 1241 utroque
538 1165 658 1225 vastitas
681 1162 752 1222 solis
778 1164 929 1224 oculorum
946 1164 1124 1240 argumentis

116 1246 267 1326 aperitur,
308 1254 340 1305 ut
363 1248 478 1305 nonsit
500 1264 626 1306 necesse
648 1246 865 1324 amplitudinem
887 1250 950 1307 eius
973 1248 1124 1307 oculorum

115 1332 297 1409 argumentis
310 1339 398 1408 atque
413 1331 581 1390 coniectura
597 1330 682 1392 animi
697 1332 835 1390 scrutari:
867 1332 1026 1390 inmensum
1043 1349 1123 1404 esse,
1133 1346 1169 1397 50

117 1417 186 1495 qnia
201 1413 337 1474 arborum
361 1415 389 1483 in
406 1413 541 1473 limitibus
561 1422 762 1490 porrectarum
780 1414 808 1471 in
827 1413 972 1491 quotlibet
986 1432 1124 1491 passuum

82 1498 196 1559 nmilia
217 1495 333 1557 umbras
352 1497 470 1575 paribus
491 1497 577 1557 iaciat
598 1495 758 1559 intervallis
779 1505 922 1574 tamquam
944 1504 1007 1555 toto
1028 1498 1122 1574 spatio

115 1581 240 1656 medius,
258 1589 287 1640 et
303 1582 369 1660 quia
383 1598 438 1659 per
453 1580 667 1660 aequinoctium
683 1579 815 1640 omnibus
826 1581 855 1638 in
867 1579 1023 1640 meridiana
1036 1580 1124 1657 plaga

115 1663 311 1725 babitantibus
329 1663 413 1723 simul
428 1664 509 1725 liata
526 1665 655 1738 vertice,
674 1665 742 1723 item
760 1665 826 1742 quia
843 1665 921 1725 circa
938 1662 1123 1722 solstitialem
1162 1695 1164 1699 ι

117 1747 258 1809 circulum
275 1746 463 1808 habitantium
486 1747 607 1810 meridie
628 1746 664 1809 ad
685 1749 914 1824 septentrionem
935 1745 1054 1807 umbrae
1075 1765 1121 1806 ca·

116 1832 202 1906 dant,
219 1840 284 1901 ortu
298 1847 370 1890 vero
389 1831 425 1891 ad
443 1847 596 1906 occasum,
618 1847 694 1909 quae
720 1829 784 1890 fieri
801 1831 880 1891 nullo
897 1830 984 1890 modo
1000 1839 1124 1908 possent

80 1932 107 1974 ao
116 1916 173 1974 nisi
190 1914 279 1973 multo
304 1932 388 1993 quam
410 1923 488 1974 terra
503 1916 594 1975 maior
610 1923 708 1989 esset,
732 1932 788 1974 nec
810 1915 888 1993 quod
903 1922 1029 1974 montem
1043 1913 1123 1973 idam

118 1997 258 2060 exoriens
274 1997 422 2062 latitudine
440 1999 617 2077 exsuperet,
635 1998 738 2058 dextra
752 1997 895 2077 laevaque
912 1997 994 2075 large
1012 1997 1123 2076 ample·

118 2090 219 2157 ctens,
239 2083 410 2160 praesertim
425 2090 503 2143 tanto
522 2083 665 2142 discretus
682 2081 846 2143 intervallo.
878 2082 1020 2143 Deiectus
1036 2081 1122 2142 lunae
1132 2089 1167 2144 51

116 2165 341 2242 magnitudinem
360 2166 421 2225 eius
443 2163 510 2226 baut
531 2165 618 2227 dubia
634 2166 746 2228 ratione
765 2165 910 2243 declarat,
936 2167 1011 2226 sicut
1025 2175 1123 2226 terrae

118 2250 291 2327 parvitatem
306 2249 370 2326 ipse
389 2248 539 2309 delicians.
574 2266 701 2327 namque
725 2268 789 2309 cum
813 2251 869 2310 sint
884 2259 945 2309 tres
960 2249 1123 2310 umbrarum

82 2333 248 2408 sanguise,
275 2341 463 2411 constetque,
491 2334 516 2391 si
538 2350 591 2411 par
613 2332 710 2392 lumini
734 2335 770 2391 sit
793 2333 912 2392 materia
934 2350 1009 2409 quae
1026 2333 1122 2405 iaciat,

117 2415 247 2477 umbram
260 2415 409 2475 columnae
423 2415 521 2493 effigie
533 2416 588 2474 iaci
600 2432 656 2473 nec
667 2414 777 2473 habere
791 2414 892 2489 daem,
911 2416 936 2473 si
946 2430 1019 2473 vero
1033 2415 1124 2473 maior

116 2499 239 2558 materia
255 2516 338 2576 quam
355 2499 460 2574 lumen,
477 2498 598 2557 turbinis
613 2498 698 2571 rccti,
715 2504 745 2555 ut
756 2497 793 2556 sit
808 2497 893 2556 imum
907 2497 969 2556 eius
981 2498 1122 2574 angustis-

117 2583 220 2641 simum
237 2591 266 2641 et
277 2581 361 2641 simili
374 2582 460 2642 modo
472 2581 578 2640 infinita
589 2579 750 2657 longitudo,
768 2579 792 2638 si
802 2581 894 2640 minor
906 2581 1025 2641 materia
1038 2598 1122 2660 quam

118 2666 179 2741 lux,
198 2673 293 2725 metae
310 2667 454 2724 exsistere
471 2665 599 2742 effigiem
614 2665 643 2722 in
659 2664 815 2725 cacuminis
831 2664 916 2725 linem
929 2664 1119 2739 desinentem,

83 2764 108 2806 so
117 2748 263 2827 talemque
289 2751 370 2809 cerni
388 2747 514 2808 umbram
536 2747 691 2832 deliciante
708 2747 792 2825 luna,
821 2749 916 2828 palam
932 2750 979 2824 fit,
1000 2758 1031 2809 ut
1045 2749 1164 2809 nullast

118 2831 243 2911 amplius
254 2832 431 2910 relinquatur
442 2832 596 2906 dubitatio,
621 2833 752 2910 superari
772 2834 995 2912 magnitudinem
1013 2841 1121 2905 terrae,

116 2915 146 2975 id
160 2915 276 2994 quidem
294 2924 323 2975 et
339 2916 433 2975 tacitis
449 2924 567 2975 naturae
584 2916 676 2993 ipsius
692 2916 815 2976 indiciis.
851 2936 902 2978 cur
919 2916 994 2976 enim
1009 2914 1122 2993 partitis

118 2997 232 3057 vicibus
248 2999 313 3057 anni
329 2998 467 3058 brumalis
493 2998 627 3058 abscedit
653 3008 700 3058 aut
722 3001 847 3059 noctium
864 2998 1011 3077 opacitate
1028 3005 1122 3056 terras

117 3077 235 3140 reficit?
266 3091 421 3141 exusturus
436 3081 503 3142 baut
519 3080 616 3158 dubie,
634 3090 663 3141 et
678 3082 721 3141 sic
733 3100 849 3161 quoque
863 3098 989 3142 exurens
1000 3079 1122 3158 quadam

83 3182 108 3224 as
118 3164 147 3222 in
162 3171 256 3241 parte.
273 3173 350 3225 tanta
364 3165 529 3241 magnitudo
546 3172 601 3224 est.

182 3245 231 3306 12.
250 3248 313 3327 (9.)
329 3247 367 3307 Et
390 3248 530 3306 rationem
547 3245 661 3326 quidem
677 3244 829 3305 delectans
850 3246 999 3323 utriusque
1016 3244 1164 3323 primns53

118 3327 240 3390 Romani
256 3332 374 3407 generis
389 3331 418 3389 in
430 3331 549 3407 vulgum
563 3330 663 3389 extulit
675 3329 820 3408 Sulpicius
833 3327 942 3403 Gallus,
960 3328 1008 3405 qui
1021 3327 1123 3388 consul

119 3431 184 3474 cum
198 3411 237 3472 Μ.
250 3411 392 3474 Marcello
410 3413 471 3490 fnit,
489 3414 541 3473 sed
557 3422 613 3472 tom
629 3411 758 3472 tribunus
773 3410 905 3490 militum,
925 3410 1120 3472 sollicitudine
